1733184199999,1733184499999,95712.9,95785.7,0.00104479,382852,90927.2
1733184200999,1733184500999,95724.2,95790,0.00104467,382897,90938
1733184201999,1733184501999,95732,95790,0.00104458,382928,90945.4
1733184202999,1733184502999,95740,95790,0.0010445,382960,90953
1733184203999,1733184503999,95740,95804.5,0.0010445,382960,90953
1733184204999,1733184504999,95740,95804.5,0.0010445,382960,90953
1733184205999,1733184505999,95748.5,95800,0.0010444,382994,90961.1
1733184206999,1733184506999,95748.5,95800,0.0010444,382994,90961.1
1733184207999,1733184507999,95748.5,95798.5,0.0010444,382994,90961.1
1733184208999,1733184508999,95748.5,95798.5,0.0010444,382994,90961.1
1733184209999,1733184509999,95750.2,95798.5,0.00104438,383001,90962.7
1733184210999,1733184510999,95750.2,95798.5,0.00104438,383001,90962.7
1733184211999,1733184511999,95750.2,95798.5,0.00104438,383001,90962.7
1733184212999,1733184512999,95750.2,95798.5,0.00104438,383001,90962.7
1733184213999,1733184513999,95750.2,95804.7,0.00104438,383001,90962.7
1733184214999,1733184514999,95766.9,95804.7,0.0010442,383067,90978.5
1733184215999,1733184515999,95781.1,95804.7,0.00104405,383125,90992.1
1733184216999,1733184516999,95781.1,95804.7,0.00104405,383125,90992.1
1733184217999,1733184517999,95781.2,95804.7,0.00104405,383125,90992.1
1733184218999,1733184518999,95781.1,95804.7,0.00104405,383125,90992.1
1733184219999,1733184519999,95781.1,95804.7,0.00104405,383125,90992.1
1733184220999,1733184520999,95781.1,95816,0.00104405,383125,90992.1
1733184221999,1733184521999,95782,95820,0.00104404,383128,90992.9
1733184222999,1733184522999,95782,95820,0.00104404,383128,90992.9
1733184223999,1733184523999,95782,95820,0.00104404,383128,90992.9
1733184224999,1733184524999,95782,95820,0.00104404,383128,90992.9
1733184225999,1733184525999,95782,95820,0.00104404,383128,90992.9
1733184226999,1733184526999,95765.5,95837.9,0.00104422,383062,90977.2
1733184227999,1733184527999,95752,95837.9,0.00104436,383008,90964.4
1733184228999,1733184528999,95752,95837.9,0.00104436,383008,90964.4
1733184229999,1733184529999,95752,95850.2,0.00104436,383008,90964.4
1733184230999,1733184530999,95752,95850.2,0.00104436,383008,90964.4
1733184231999,1733184531999,95752,95850.2,0.00104436,383008,90964.4
1733184232999,1733184532999,95752,95850.2,0.00104436,383008,90964.4
1733184233999,1733184533999,95752,95850.2,0.00104436,383008,90964.4
1733184234999,1733184534999,95752,95850.2,0.00104436,383008,90964.4
1733184235999,1733184535999,95752,95852,0.00104436,383008,90964.4
1733184236999,1733184536999,95752,95860,0.00104436,383008,90964.4
1733184237999,1733184537999,95750.3,95860,0.00104438,383001,90962.8
1733184238999,1733184538999,95750.3,95860,0.00104438,383001,90962.8
1733184239999,1733184539999,95750.3,95860,0.00104438,383001,90962.8
1733184240999,1733184540999,95750.3,95860,0.00104438,383001,90962.8
1733184241999,1733184541999,95750.3,95860,0.00104438,383001,90962.8
1733184242999,1733184542999,95750.3,95860,0.00104438,383001,90962.8
1733184243999,1733184543999,95750.3,95860,0.00104438,383001,90962.8
1733184244999,1733184544999,95757.2,95860,0.00104431,383029,90969.4
1733184245999,1733184545999,95775,95860,0.00104411,383100,90986.3
1733184246999,1733184546999,95775,95860,0.00104411,383100,90986.3
1733184247999,1733184547999,95775,95860,0.00104411,383100,90986.3
1733184248999,1733184548999,95775,95860,0.00104411,383100,90986.3
1733184249999,1733184549999,95775,95876,0.00104411,383100,90986.3
1733184250999,1733184550999,95784,95876,0.00104402,383136,90994.8
1733184251999,1733184551999,95784,95876,0.00104402,383136,90994.8
1733184252999,1733184552999,95784,95880,0.00104402,383136,90994.8
1733184253999,1733184553999,95784,95880,0.00104402,383136,90994.8
1733184254999,1733184554999,95784,95880,0.00104402,383136,90994.8
1733184255999,1733184555999,95788,95880,0.00104397,383152,90998.6
1733184256999,1733184556999,95788,95880,0.00104397,383152,90998.6
1733184257999,1733184557999,95788,95880,0.00104397,383152,90998.6
1733184258999,1733184558999,95789,95880,0.00104396,383156,90999.5
1733184259999,1733184559999,95800.4,95880,0.00104384,383202,91010.4
1733184260999,1733184560999,95804,95880,0.0010438,383216,91013.8
1733184261999,1733184561999,95824,95880,0.00104358,383296,91032.8
1733184262999,1733184562999,95824,95880,0.00104358,383296,91032.8
1733184263999,1733184563999,95825.4,95880,0.00104356,383302,91034.1
1733184264999,1733184564999,95825.4,95880,0.00104356,383302,91034.1
1733184265999,1733184565999,95825.4,95876,0.00104356,383302,91034.1
1733184266999,1733184566999,95825.4,95876,0.00104356,383302,91034.1
1733184267999,1733184567999,95825.4,95876,0.00104356,383302,91034.1
1733184268999,1733184568999,95825.4,95890.2,0.00104356,383302,91034.1
1733184269999,1733184569999,95825.4,95890.2,0.00104356,383302,91034.1
1733184270999,1733184570999,95825.4,95890.7,0.00104356,383302,91034.1
1733184271999,1733184571999,95825.4,95890.7,0.00104356,383302,91034.1
1733184272999,1733184572999,95825.4,95890.7,0.00104356,383302,91034.1
1733184273999,1733184573999,95825.4,95890.2,0.00104356,383302,91034.1
1733184274999,1733184574999,95825.4,95890.2,0.00104356,383302,91034.1
1733184275999,1733184575999,95825.4,95890.2,0.00104356,383302,91034.1
1733184276999,1733184576999,95831.9,95890.2,0.00104349,383328,91040.3
1733184277999,1733184577999,95833.1,95890.2,0.00104348,383332,91041.4
1733184278999,1733184578999,95833.1,95890.2,0.00104348,383332,91041.4
1733184279999,1733184579999,95835,95890.2,0.00104346,383340,91043.2
1733184280999,1733184580999,95835,95890.2,0.00104346,383340,91043.2
1733184281999,1733184581999,95835,95890.2,0.00104346,383340,91043.2
1733184282999,1733184582999,95835,95890.2,0.00104346,383340,91043.2
1733184283999,1733184583999,95835,95890.2,0.00104346,383340,91043.2
1733184284999,1733184584999,95831.9,95890.2,0.00104349,383328,91040.3
1733184285999,1733184585999,95835,95890.2,0.00104346,383340,91043.2
1733184286999,1733184586999,95836,95890.2,0.00104345,383344,91044.2
1733184287999,1733184587999,95840,95890.2,0.00104341,383360,91048
1733184288999,1733184588999,95840,95890.2,0.00104341,383360,91048
1733184289999,1733184589999,95840,95890.2,0.00104341,383360,91048
1733184290999,1733184590999,95840,95890.2,0.00104341,383360,91048
1733184291999,1733184591999,95840,95890.2,0.00104341,383360,91048
1733184292999,1733184592999,95843.2,95899.4,0.00104337,383373,91051
1733184293999,1733184593999,95843.2,95899.4,0.00104337,383373,91051
1733184294999,1733184594999,95843.2,95899.4,0.00104337,383373,91051
1733184295999,1733184595999,95843.2,95890.2,0.00104337,383373,91051
1733184296999,1733184596999,95843.2,95880.2,0.00104337,383373,91051
1733184297999,1733184597999,95843.2,95880.2,0.00104337,383373,91051
1733184298999,1733184598999,95843.2,95880.2,0.00104337,383373,91051
1733184299999,1733184599999,95843.2,95880.2,0.00104337,383373,91051
1733184300999,1733184600999,95843.2,95865.5,0.00104337,382098,91051
1733184301999,1733184601999,95843.2,95864,0.00104337,380832,91051
1733184302999,1733184602999,95842.8,95864,0.00104338,379573,91050.7
1733184303999,1733184603999,95840,95864,0.00104341,378313,91048
1733184304999,1733184604999,95840,95851.4,0.00104341,377072,91048
1733184305999,1733184605999,95840,95842.8,0.00104341,375839,91048
1733184306999,1733184606999,95837,95842.8,0.00104344,374603,91045.1
1733184307999,1733184607999,95836,95842.8,0.00104345,373382,91044.2
1733184308999,1733184608999,95836,95842.9,0.00104345,372173,91044.2
1733184309999,1733184609999,95816,95869.1,0.00104367,370894,91025.2
1733184310999,1733184610999,95843,95869.1,0.00104337,369805,91050.8
1733184311999,1733184611999,95852.6,95869.1,0.00104327,368657,91060
1733184312999,1733184612999,95852.6,95869.1,0.00104327,367478,91060
1733184313999,1733184613999,95852.6,95869.1,0.00104327,366307,91060
1733184314999,1733184614999,95852.6,95869.1,0.00104327,365144,91060
1733184315999,1733184615999,95852.6,95869.1,0.00104327,363988,91060
1733184316999,1733184616999,95852.6,95869.1,0.00104327,362839,91060
1733184317999,1733184617999,95847.5,95864.4,0.00104332,361679,91055.1
1733184318999,1733184618999,95843,95864.4,0.00104337,360527,91050.8
1733184319999,1733184619999,95830,95856.3,0.00104351,359352,91038.5
1733184320999,1733184620999,95816,95856.3,0.00104367,358179,91025.2
1733184321999,1733184621999,95816,95856.3,0.00104367,357066,91025.2
1733184322999,1733184622999,95816,95856.3,0.00104367,355960,91025.2
1733184323999,1733184623999,95816,95856.3,0.00104367,354861,91025.2
1733184324999,1733184624999,95816,95856.3,0.00104367,353768,91025.2
1733184325999,1733184625999,95816,95856.3,0.00104367,352683,91025.2
1733184326999,1733184626999,95817.6,95871.6,0.00104365,351609,91026.7
1733184327999,1733184627999,95817.6,95871.6,0.00104365,350537,91026.7
1733184328999,1733184628999,95817.6,95871.6,0.00104365,349471,91026.7
1733184329999,1733184629999,95817.6,95871.6,0.00104365,348411,91026.7
1733184330999,1733184630999,95816,95871.6,0.00104367,347352,91025.2
1733184331999,1733184631999,95809.5,95871.6,0.00104374,346282,91019
1733184332999,1733184632999,95808,95871.6,0.00104375,345236,91017.6
1733184333999,1733184633999,95804.6,95871.6,0.00104379,344190,91014.4
1733184334999,1733184634999,95804.6,95871.6,0.00104379,343162,91014.4
1733184335999,1733184635999,95804.6,95876,0.00104379,342140,91014.4
1733184336999,1733184636999,95804.6,95901.4,0.00104379,341124,91014.4
1733184337999,1733184637999,95804.6,95901,0.00104379,340114,91014.4
1733184338999,1733184638999,95804.6,95901,0.00104379,339110,91014.4
1733184339999,1733184639999,95804.6,95901,0.00104379,338112,91014.4
1733184340999,1733184640999,95804.6,95901,0.00104379,337120,91014.4
1733184341999,1733184641999,95804.6,95901,0.00104379,336134,91014.4
1733184342999,1733184642999,95804.6,95894.4,0.00104379,335153,91014.4
1733184343999,1733184643999,95796,95894.4,0.00104388,334149,91006.2
1733184344999,1733184644999,95793.6,95894.4,0.00104391,333171,91004
1733184345999,1733184645999,95793.6,95893.8,0.00104391,332208,91004
1733184346999,1733184646999,95793.6,95893.8,0.00104391,331250,91004
1733184347999,1733184647999,95793.6,95888.1,0.00104391,330298,91004
1733184348999,1733184648999,95793.6,95888.1,0.00104391,329351,91004
1733184349999,1733184649999,95793.6,95888.1,0.00104391,328409,91004
1733184350999,1733184650999,95793.6,95888.1,0.00104391,327473,91004
1733184351999,1733184651999,95793.6,95895.8,0.00104391,326542,91004
1733184352999,1733184652999,95793.6,95900.1,0.00104391,325617,91004
1733184353999,1733184653999,95793.6,95900.1,0.00104391,324696,91004
1733184354999,1733184654999,95793.6,95900.1,0.00104391,323781,91004
1733184355999,1733184655999,95793.6,95905.9,0.00104391,322871,91004
1733184356999,1733184656999,95793.6,95905.9,0.00104391,321966,91004
1733184357999,1733184657999,95793.6,95905.9,0.00104391,321066,91004
1733184358999,1733184658999,95793.6,95900.1,0.00104391,320171,91004
1733184359999,1733184659999,95793.6,95900.1,0.00104391,319282,91004
1733184360999,1733184660999,95789,95894.4,0.00104396,318381,90999.5
1733184361999,1733184661999,95816,95890.7,0.00104367,317591,91025.2
1733184362999,1733184662999,95816,95890.7,0.00104367,316716,91025.2
1733184363999,1733184663999,95816,95890.7,0.00104367,315845,91025.2
1733184364999,1733184664999,95816,95890.7,0.00104367,314979,91025.2
1733184365999,1733184665999,95816,95894.4,0.00104367,314118,91025.2
1733184366999,1733184666999,95816,95894.4,0.00104367,313262,91025.2
1733184367999,1733184667999,95794.4,95894.4,0.0010439,312340,91004.7
1733184368999,1733184668999,95794.4,95894.4,0.0010439,311493,91004.7
1733184369999,1733184669999,95794.4,95894.4,0.0010439,310651,91004.7
1733184370999,1733184670999,95784.4,95894.4,0.00104401,309780,90995.2
1733184371999,1733184671999,95784.4,95897.2,0.00104401,308947,90995.2
1733184372999,1733184672999,95777.5,95897.2,0.00104409,308096,90988.7
1733184373999,1733184673999,95777.5,95897.2,0.00104409,307272,90988.7
1733184374999,1733184674999,95777.5,95897.2,0.00104409,306452,90988.7
1733184375999,1733184675999,95777.5,95897.2,0.00104409,305637,90988.7
1733184376999,1733184676999,95777.5,95900.1,0.00104409,304826,90988.6
1733184377999,1733184677999,95777.5,95900.1,0.00104409,304019,90988.6
1733184378999,1733184678999,95777.5,95900.1,0.00104409,303216,90988.7
1733184379999,1733184679999,95777.5,95900.1,0.00104409,302418,90988.6
1733184380999,1733184680999,95777.5,95905.9,0.00104409,301624,90988.7
1733184381999,1733184681999,95777.5,95905.9,0.00104409,300835,90988.7
1733184382999,1733184682999,95777.5,95905.9,0.00104409,300049,90988.7
1733184383999,1733184683999,95777.5,95905.9,0.00104409,299268,90988.7
1733184384999,1733184684999,95777.5,95907,0.00104409,298491,90988.6
1733184385999,1733184685999,95768.1,95907,0.00104419,297688,90979.7
1733184386999,1733184686999,95768.1,95907,0.00104419,296919,90979.7
1733184387999,1733184687999,95768.1,95905.9,0.00104419,296153,90979.7
1733184388999,1733184688999,95768.1,95905.9,0.00104419,295392,90979.7
1733184389999,1733184689999,95768.1,95905.9,0.00104419,294634,90979.7
1733184390999,1733184690999,95768.1,95905.9,0.00104419,293881,90979.7
1733184391999,1733184691999,95770.6,95905.9,0.00104416,293138,90982
1733184392999,1733184692999,95770.6,95905.9,0.00104416,292392,90982
1733184393999,1733184693999,95770.6,95905.9,0.00104416,291650,90982
1733184394999,1733184694999,95770.6,95905.9,0.00104416,290912,90982
1733184395999,1733184695999,95770.6,95905.9,0.00104416,290177,90982
1733184396999,1733184696999,95770.6,95905.9,0.00104416,289446,90982
1733184397999,1733184697999,95770.6,95906.3,0.00104416,288719,90982
1733184398999,1733184698999,95770.6,95906.3,0.00104416,287995,90982
1733184399999,1733184699999,95770.6,95906.3,0.00104416,287275,90982
1733184400999,1733184700999,95770.6,95903.5,0.00104416,286559,90982
1733184401999,1733184701999,95770.6,95903.5,0.00104416,285846,90982
1733184402999,1733184702999,95770.6,95903.5,0.00104416,285136,90982
1733184403999,1733184703999,95770.6,95903.5,0.00104416,284431,90982
1733184404999,1733184704999,95770.6,95903.5,0.00104416,283728,90982
1733184405999,1733184705999,95770.6,95903.5,0.00104416,283030,90982
1733184406999,1733184706999,95770.6,95903.5,0.00104416,282334,90982
1733184407999,1733184707999,95770.6,95900,0.00104416,281642,90982
1733184408999,1733184708999,95770.6,95900,0.00104416,280954,90982
1733184409999,1733184709999,95802.5,95900.3,0.00104381,280362,91012.4
1733184410999,1733184710999,95802.6,95900.3,0.00104381,279680,91012.4
1733184411999,1733184711999,95802.6,95906.4,0.00104381,279002,91012.4
1733184412999,1733184712999,95819.5,95906.4,0.00104363,278376,91028.5
1733184413999,1733184713999,95819.5,95906.4,0.00104363,277703,91028.5
1733184414999,1733184714999,95825.4,95906.4,0.00104356,277052,91034.1
1733184415999,1733184715999,95825.4,95906.4,0.00104356,276386,91034.1
1733184416999,1733184716999,95825.4,95906.4,0.00104356,275724,91034.1
1733184417999,1733184717999,95834.7,95906.4,0.00104346,275092,91043
1733184418999,1733184718999,95834.7,95903.5,0.00104346,274436,91043
1733184419999,1733184719999,95834.7,95903.5,0.00104346,273783,91043
1733184420999,1733184720999,95834.7,95903.5,0.00104346,273134,91043
1733184421999,1733184721999,95834.7,95903.5,0.00104346,272487,91043
1733184422999,1733184722999,95834.7,95903.5,0.00104346,271844,91043
1733184423999,1733184723999,95834.7,95903.5,0.00104346,271203,91043
1733184424999,1733184724999,95834.7,95903.5,0.00104346,270566,91043
1733184425999,1733184725999,95834.7,95903.5,0.00104346,269932,91043
1733184426999,1733184726999,95834.7,95909.5,0.00104346,269300,91043
1733184427999,1733184727999,95847.7,95909.5,0.00104332,268708,91055.4
1733184428999,1733184728999,95860.7,95909.5,0.00104318,268119,91067.7
1733184429999,1733184729999,95860.7,95909.5,0.00104318,267496,91067.7
1733184430999,1733184730999,95860.7,95909.5,0.00104318,266876,91067.7
1733184431999,1733184731999,95860.7,95909.5,0.00104318,266259,91067.7
1733184432999,1733184732999,95860.7,95909.5,0.00104318,265645,91067.7
1733184433999,1733184733999,95860.7,95909.5,0.00104318,265034,91067.7
1733184434999,1733184734999,95860.7,95909.5,0.00104318,264425,91067.7
1733184435999,1733184735999,95860.7,95909.5,0.00104318,263819,91067.7
1733184436999,1733184736999,95871.2,95909.5,0.00104307,263245,91077.7
1733184437999,1733184737999,95871.2,95912,0.00104307,262645,91077.7
1733184438999,1733184738999,95882.6,95912,0.00104294,262079,91088.5
1733184439999,1733184739999,95871.2,95912,0.00104307,261452,91077.6
1733184440999,1733184740999,95871.2,95912,0.00104307,260860,91077.6
1733184441999,1733184741999,95871.2,95912,0.00104307,260270,91077.6
1733184442999,1733184742999,95857.2,95912,0.00104322,259646,91064.4
1733184443999,1733184743999,95852,95912,0.00104328,259047,91059.4
1733184444999,1733184744999,95852,95912,0.00104328,258466,91059.4
1733184445999,1733184745999,95852,95912,0.00104327,257887,91059.4
1733184446999,1733184746999,95852,95912,0.00104328,257310,91059.4
1733184447999,1733184747999,95852,95914.9,0.00104327,256737,91059.4
1733184448999,1733184748999,95851,95914.9,0.00104329,256163,91058.5
1733184449999,1733184749999,95851,95914.9,0.00104329,255594,91058.5
1733184450999,1733184750999,95848,95914.9,0.00104332,255020,91055.6
1733184451999,1733184751999,95835,95914.9,0.00104346,254422,91043.2
1733184452999,1733184752999,95835,95914.9,0.00104346,253861,91043.3
1733184453999,1733184753999,95835,95914.9,0.00104346,253303,91043.3
1733184454999,1733184754999,95835,95920,0.00104346,252747,91043.2
1733184455999,1733184755999,95804.4,95920,0.00104379,252112,91014.1
1733184456999,1733184756999,95784.9,95920,0.00104401,251510,90995.6
1733184457999,1733184757999,95772,95920,0.00104415,250928,90983.4
1733184458999,1733184758999,95770.6,95920,0.00104416,250378,90982.1
1733184459999,1733184759999,95770.6,95920,0.00104416,249834,90982.1
1733184460999,1733184760999,95764,95929.7,0.00104423,249275,90975.8
1733184461999,1733184761999,95756,95929.7,0.00104432,248716,90968.2
1733184462999,1733184762999,95762.6,95929.7,0.00104425,248196,90974.5
1733184463999,1733184763999,95762.6,95929.7,0.00104425,247662,90974.5
1733184464999,1733184764999,95762.6,95929.7,0.00104425,247130,90974.5
1733184465999,1733184765999,95784,95929.7,0.00104402,246655,90994.8
1733184466999,1733184766999,95792,95929.7,0.00104393,246148,91002.4
1733184467999,1733184767999,95792,95929.7,0.00104393,245623,91002.4
1733184468999,1733184768999,95792,95929.7,0.00104393,245100,91002.4
1733184469999,1733184769999,95792,95930.2,0.00104393,244579,91002.4
1733184470999,1733184770999,95792,95930.2,0.00104393,244060,91002.4
1733184471999,1733184771999,95792,95930.2,0.00104393,243544,91002.4
1733184472999,1733184772999,95792,95930.2,0.00104393,243030,91002.4
1733184473999,1733184773999,95792,95930.2,0.00104393,242518,91002.4
1733184474999,1733184774999,95792,95930.2,0.00104393,242008,91002.4
1733184475999,1733184775999,95784,95930.2,0.00104402,241480,90994.8
1733184476999,1733184776999,95784,95930.2,0.00104402,240974,90994.8
1733184477999,1733184777999,95784,95930.2,0.00104402,240471,90994.8
1733184478999,1733184778999,95804.9,95930.2,0.00104379,240022,91014.6
1733184479999,1733184779999,95804.9,95930.2,0.00104379,239523,91014.6
1733184480999,1733184780999,95804.9,95930.2,0.00104379,239026,91014.6
1733184481999,1733184781999,95804.9,95930.2,0.00104379,238530,91014.7
1733184482999,1733184782999,95816,95930.2,0.00104367,238065,91025.2
1733184483999,1733184783999,95824,95930.6,0.00104358,237594,91032.8
1733184484999,1733184784999,95824,95930.6,0.00104358,237104,91032.8
1733184485999,1733184785999,95842.3,95930.6,0.00104338,236663,91050.2
1733184486999,1733184786999,95825.2,95951.4,0.00104357,236135,91033.9
1733184487999,1733184787999,95806,95956,0.00104378,235605,91015.7
1733184488999,1733184788999,95796,95964,0.00104388,235099,91006.2
1733184489999,1733184789999,95796,95964,0.00104388,234620,91006.2
1733184490999,1733184790999,95796,95964,0.00104388,234143,91006.2
1733184491999,1733184791999,95796,95964,0.00104388,233668,91006.2
1733184492999,1733184792999,95796,95964,0.00104388,233195,91006.2
1733184493999,1733184793999,95794.4,95964,0.0010439,232720,91004.7
1733184494999,1733184794999,95794.4,95964,0.0010439,232250,91004.7
1733184495999,1733184795999,95793.7,95964,0.00104391,231781,91004
1733184496999,1733184796999,95792,95964,0.00104393,231311,91002.4
1733184497999,1733184797999,95784,95964,0.00104402,230828,90994.8
1733184498999,1733184798999,95785.7,95964,0.001044,230370,90996.4
1733184499999,1733184799999,95785.7,95964,0.001044,229910,90996.4
1733184500999,1733184800999,95790,95956,0.00104395,229462,91000.5
1733184501999,1733184801999,95790,95962.6,0.00104395,229005,91000.5
1733184502999,1733184802999,95790,95962.6,0.00104395,228550,91000.5
1733184503999,1733184803999,95804.5,95962.6,0.00104379,228132,91014.2
1733184504999,1733184804999,95804.5,95963.1,0.00104379,227680,91014.2
1733184505999,1733184805999,95800,95963.1,0.00104384,227220,91010
1733184506999,1733184806999,95800,95963.1,0.00104384,226772,91010
1733184507999,1733184807999,95798.5,95963.1,0.00104386,226323,91008.6
1733184508999,1733184808999,95798.5,95963.1,0.00104386,225879,91008.6
1733184509999,1733184809999,95798.5,95963.1,0.00104386,225436,91008.6
1733184510999,1733184810999,95798.5,95963.1,0.00104386,224995,91008.6
1733184511999,1733184811999,95798.5,95963.1,0.00104386,224556,91008.6
1733184512999,1733184812999,95798.5,95967.7,0.00104386,224119,91008.6
1733184513999,1733184813999,95804.7,95971.1,0.00104379,223698,91014.4
1733184514999,1733184814999,95804.7,95971.1,0.00104379,223263,91014.4
1733184515999,1733184815999,95804.7,95971.1,0.00104379,222831,91014.4
1733184516999,1733184816999,95804.7,95971.1,0.00104379,222400,91014.4
1733184517999,1733184817999,95804.7,95971.1,0.00104379,221971,91014.4
1733184518999,1733184818999,95804.7,95974.8,0.00104379,221543,91014.4
1733184519999,1733184819999,95804.7,95974.8,0.00104379,221117,91014.4
1733184520999,1733184820999,95816,95974.8,0.00104367,220719,91025.2
1733184521999,1733184821999,95820,95974.8,0.00104362,220306,91029
1733184522999,1733184822999,95820,95974.8,0.00104362,219885,91029
1733184523999,1733184823999,95820,95974.8,0.00104362,219465,91029
1733184524999,1733184824999,95820,95974.8,0.00104362,219047,91029
1733184525999,1733184825999,95820,95974.8,0.00104362,218631,91029
1733184526999,1733184826999,95837.9,95974.8,0.00104343,218257,91046
1733184527999,1733184827999,95837.9,95974.8,0.00104343,217844,91046
1733184528999,1733184828999,95837.9,95974.8,0.00104343,217433,91046
1733184529999,1733184829999,95850.2,96027.1,0.00104329,217051,91057.7
1733184530999,1733184830999,95850.2,96012,0.00104329,216643,91057.7
1733184531999,1733184831999,95850.2,96012,0.00104329,216236,91057.7
1733184532999,1733184832999,95850.2,96024.2,0.00104329,215831,91057.7
1733184533999,1733184833999,95850.2,96024.1,0.00104329,215427,91057.7
1733184534999,1733184834999,95850.2,96027.3,0.00104329,215025,91057.7
1733184535999,1733184835999,95852,96027.3,0.00104328,214629,91059.4
1733184536999,1733184836999,95860,96027.3,0.00104319,214247,91067
1733184537999,1733184837999,95860,96027.3,0.00104319,213850,91067
1733184538999,1733184838999,95860,96020.1,0.00104319,213453,91067
1733184539999,1733184839999,95860,96020.1,0.00104319,213059,91067
1733184540999,1733184840999,95860,96014.4,0.00104319,212665,91067
1733184541999,1733184841999,95860,96014.4,0.00104319,212273,91067
1733184542999,1733184842999,95860,96014.4,0.00104319,211883,91067
1733184543999,1733184843999,95860,96014.4,0.00104319,211494,91067
1733184544999,1733184844999,95860,96014.4,0.00104319,211107,91067
1733184545999,1733184845999,95860,96012,0.00104319,210720,91067
1733184546999,1733184846999,95860,96012,0.00104319,210335,91067
1733184547999,1733184847999,95860,96012,0.00104319,209952,91067
1733184548999,1733184848999,95860,96002.4,0.00104319,209570,91067
1733184549999,1733184849999,95876,95996.1,0.00104301,209224,91082.2
1733184550999,1733184850999,95876,95996.2,0.00104301,208845,91082.2
1733184551999,1733184851999,95876,95992,0.00104301,208467,91082.2
1733184552999,1733184852999,95880,95992,0.00104297,208099,91086
1733184553999,1733184853999,95880,95992,0.00104297,207724,91086
1733184554999,1733184854999,95880,95992,0.00104297,207350,91086
1733184555999,1733184855999,95880,95994.3,0.00104297,206977,91086
1733184556999,1733184856999,95880,95994.3,0.00104297,206606,91086
1733184557999,1733184857999,95880,95994.3,0.00104297,206236,91086
1733184558999,1733184858999,95880,96005.6,0.00104297,205867,91086
1733184559999,1733184859999,95880,96005.6,0.00104297,205500,91086
1733184560999,1733184860999,95880,96005.6,0.00104297,205134,91086
1733184561999,1733184861999,95880,96005.6,0.00104297,204769,91086
1733184562999,1733184862999,95880,96005.6,0.00104297,204405,91086
1733184563999,1733184863999,95880,96005.6,0.00104297,204043,91086
1733184564999,1733184864999,95880,95999.2,0.00104297,203682,91086
1733184565999,1733184865999,95876,95999.2,0.00104301,203314,91082.2
1733184566999,1733184866999,95876,95999.2,0.00104301,202955,91082.2
1733184567999,1733184867999,95876,95992,0.00104301,202598,91082.2
1733184568999,1733184868999,95890.2,95992,0.00104286,202272,91095.7
1733184569999,1733184869999,95890.2,95992,0.00104286,201917,91095.7
1733184570999,1733184870999,95890.7,95988,0.00104285,201565,91096.2
1733184571999,1733184871999,95890.7,95986.5,0.00104285,201213,91096.2
1733184572999,1733184872999,95890.7,95986.5,0.00104285,200862,91096.2
1733184573999,1733184873999,95890.2,95986.5,0.00104286,200511,91095.7
1733184574999,1733184874999,95890.2,95985.9,0.00104286,200162,91095.7
1733184575999,1733184875999,95890.2,95985.9,0.00104286,199815,91095.7
1733184576999,1733184876999,95890.2,95985.9,0.00104286,199469,91095.7
1733184577999,1733184877999,95890.2,95985.9,0.00104286,199123,91095.7
1733184578999,1733184878999,95890.2,95985.9,0.00104286,198780,91095.7
1733184579999,1733184879999,95890.2,95985.9,0.00104286,198437,91095.7
1733184580999,1733184880999,95890.2,95985.9,0.00104286,198095,91095.7
1733184581999,1733184881999,95890.2,95985.9,0.00104286,197755,91095.7
1733184582999,1733184882999,95890.2,95985.9,0.00104286,197416,91095.7
1733184583999,1733184883999,95890.2,95985.9,0.00104286,197078,91095.7
1733184584999,1733184884999,95890.2,95985.9,0.00104286,196741,91095.7
1733184585999,1733184885999,95890.2,95985.9,0.00104286,196406,91095.7
1733184586999,1733184886999,95890.2,95985.9,0.00104286,196071,91095.7
1733184587999,1733184887999,95890.2,95985.9,0.00104286,195738,91095.7
1733184588999,1733184888999,95890.2,95985.9,0.00104286,195405,91095.7
1733184589999,1733184889999,95890.2,95985.9,0.00104286,195074,91095.7
1733184590999,1733184890999,95890.2,95985.9,0.00104286,194744,91095.7
1733184591999,1733184891999,95890.2,95975.8,0.00104286,194415,91095.7
1733184592999,1733184892999,95899.4,95974.8,0.00104276,194106,91104.4
1733184593999,1733184893999,95899.4,95968.4,0.00104276,193779,91104.4
1733184594999,1733184894999,95899.4,95968.4,0.00104276,193454,91104.4
1733184595999,1733184895999,95890.2,95968.3,0.00104286,193111,91095.7
1733184596999,1733184896999,95880.2,95966.3,0.00104297,192767,91086.2
1733184597999,1733184897999,95880.2,95966.3,0.00104297,192445,91086.2
1733184598999,1733184898999,95880.2,95966.3,0.00104297,192123,91086.2
1733184599999,1733184899999,95880.2,95966.3,0.00104297,191803,91086.2
1733184600999,1733184900999,95865.5,95966.3,0.00104313,191455,91072.3
1733184601999,1733184901999,95864,95971.4,0.00104314,191133,91070.8
1733184602999,1733184902999,95864,95975.8,0.00104314,190816,91070.8
1733184603999,1733184903999,95864,95985,0.00104314,190500,91070.8
1733184604999,1733184904999,95851.4,95982,0.00104328,190161,91058.8
1733184605999,1733184905999,95842.8,95978.1,0.00104337,189830,91050.7
1733184606999,1733184906999,95842.8,95978.1,0.00104337,189517,91050.7
1733184607999,1733184907999,95842.8,95978.1,0.00104337,189205,91050.7
1733184608999,1733184908999,95842.9,95978.1,0.00104337,188894,91050.7
1733184609999,1733184909999,95869.1,95982,0.00104309,188636,91075.6
1733184610999,1733184910999,95869.1,95982,0.00104309,188328,91075.6
1733184611999,1733184911999,95869.1,95982,0.00104309,188020,91075.7
1733184612999,1733184912999,95869.1,95982,0.00104309,187713,91075.7
1733184613999,1733184913999,95869.1,95982,0.00104309,187407,91075.6
1733184614999,1733184914999,95869.1,95972.2,0.00104309,187102,91075.6
1733184615999,1733184915999,95869.1,95966.7,0.00104309,186799,91075.6
1733184616999,1733184916999,95869.1,95966.7,0.00104309,186496,91075.6
1733184617999,1733184917999,95864.4,95953.3,0.00104314,186185,91071.2
1733184618999,1733184918999,95864.4,95953.1,0.00104314,185884,91071.2
1733184619999,1733184919999,95856.3,95950.6,0.00104323,185568,91063.5
1733184620999,1733184920999,95856.3,95950.6,0.00104323,185270,91063.5
1733184621999,1733184921999,95856.3,95950.6,0.00104323,184972,91063.5
1733184622999,1733184922999,95856.3,95950.6,0.00104323,184675,91063.5
1733184623999,1733184923999,95856.3,95943,0.00104323,184379,91063.5
1733184624999,1733184924999,95856.3,95943,0.00104323,184084,91063.5
1733184625999,1733184925999,95856.3,95943,0.00104323,183790,91063.5
1733184626999,1733184926999,95871.6,95943,0.00104306,183527,91078
1733184627999,1733184927999,95871.6,95943,0.00104306,183235,91078
1733184628999,1733184928999,95871.6,95943,0.00104306,182943,91078
1733184629999,1733184929999,95871.6,95943,0.00104306,182653,91078
1733184630999,1733184930999,95871.6,95943,0.00104306,182364,91078
1733184631999,1733184931999,95871.6,95943,0.00104306,182075,91078
1733184632999,1733184932999,95871.6,95936.2,0.00104306,181788,91078
1733184633999,1733184933999,95871.6,95930.9,0.00104306,181502,91078
1733184634999,1733184934999,95871.6,95930.9,0.00104306,181216,91078
1733184635999,1733184935999,95876,95930.9,0.00104301,180940,91082.2
1733184636999,1733184936999,95901.4,95930.9,0.00104274,180704,91106.3
1733184637999,1733184937999,95901,95930.9,0.00104274,180420,91105.9
1733184638999,1733184938999,95901,95930.9,0.00104274,180138,91105.9
1733184639999,1733184939999,95901,95930.9,0.00104274,179857,91105.9
1733184640999,1733184940999,95901,95930.9,0.00104274,179577,91105.9
1733184641999,1733184941999,95901,95930.9,0.00104274,179297,91105.9
1733184642999,1733184942999,95894.4,95930.9,0.00104281,179006,91099.6
1733184643999,1733184943999,95894.4,95930.9,0.00104281,178729,91099.6
1733184644999,1733184944999,95894.4,95930.9,0.00104281,178452,91099.6
1733184645999,1733184945999,95893.8,95930.9,0.00104282,178175,91099.1
1733184646999,1733184946999,95893.8,95932,0.00104282,177900,91099.1
1733184647999,1733184947999,95888.1,95932,0.00104288,177615,91093.7
1733184648999,1733184948999,95888.1,95939.1,0.00104288,177342,91093.7
1733184649999,1733184949999,95888.1,95939.1,0.00104288,177070,91093.7
1733184650999,1733184950999,95888.1,95948.7,0.00104288,176798,91093.7
1733184651999,1733184951999,95895.8,95948.7,0.0010428,176541,91101
1733184652999,1733184952999,95900.1,95948.7,0.00104275,176279,91105.1
1733184653999,1733184953999,95900.1,95948.7,0.00104275,176010,91105.1
1733184654999,1733184954999,95900.1,95948.7,0.00104275,175742,91105.1
1733184655999,1733184955999,95905.9,95948.7,0.00104269,175485,91110.6
1733184656999,1733184956999,95905.9,95948.7,0.00104269,175218,91110.6
1733184657999,1733184957999,95905.9,95948.7,0.00104269,174952,91110.6
1733184658999,1733184958999,95900.1,95948.7,0.00104275,174677,91105.1
1733184659999,1733184959999,95900.1,95948.7,0.00104275,174413,91105.1
1733184660999,1733184960999,95894.4,95948.7,0.00104281,174139,91099.7
1733184661999,1733184961999,95890.7,95948.7,0.00104285,173869,91096.1
1733184662999,1733184962999,95890.7,95948.7,0.00104285,173607,91096.1
1733184663999,1733184963999,95890.7,95950.1,0.00104285,173346,91096.1
1733184664999,1733184964999,95890.7,95950.1,0.00104285,173085,91096.1
1733184665999,1733184965999,95894.4,95972,0.00104281,172832,91099.7
1733184666999,1733184966999,95894.4,95972,0.00104281,172574,91099.7
1733184667999,1733184967999,95894.4,95972,0.00104281,172316,91099.7
1733184668999,1733184968999,95894.4,95972,0.00104281,172058,91099.7
1733184669999,1733184969999,95894.4,95972,0.00104281,171802,91099.7
1733184670999,1733184970999,95894.4,95964.2,0.00104281,171546,91099.7
1733184671999,1733184971999,95897.2,95964.2,0.00104278,171297,91102.4
1733184672999,1733184972999,95897.2,95964.2,0.00104278,171043,91102.4
1733184673999,1733184973999,95897.2,95964.2,0.00104278,170789,91102.4
1733184674999,1733184974999,95897.2,95969.5,0.00104278,170537,91102.4
1733184675999,1733184975999,95897.2,95977.7,0.00104278,170285,91102.4
1733184676999,1733184976999,95900.1,95977.7,0.00104275,170039,91105.1
1733184677999,1733184977999,95900.1,95957.4,0.00104275,169789,91105.1
1733184678999,1733184978999,95900.1,95952.9,0.00104275,169539,91105.1
1733184679999,1733184979999,95900.1,95943.1,0.00104275,169290,91105.1
1733184680999,1733184980999,95905.9,95943.1,0.00104269,169052,91110.6
1733184681999,1733184981999,95905.9,95943.1,0.00104269,168805,91110.6
1733184682999,1733184982999,95905.9,95943.1,0.00104269,168558,91110.6
1733184683999,1733184983999,95905.9,95943.1,0.00104269,168313,91110.6
1733184684999,1733184984999,95907,95943.1,0.00104268,168069,91111.6
1733184685999,1733184985999,95907,95943.1,0.00104268,167825,91111.7
1733184686999,1733184986999,95907,95943.1,0.00104268,167581,91111.6
1733184687999,1733184987999,95905.9,95943.1,0.00104269,167336,91110.6
1733184688999,1733184988999,95905.9,95943.1,0.00104269,167094,91110.6
1733184689999,1733184989999,95905.9,95938.2,0.00104269,166852,91110.6
1733184690999,1733184990999,95905.9,95938.2,0.00104269,166611,91110.6
1733184691999,1733184991999,95905.9,95930.9,0.00104269,166371,91110.6
1733184692999,1733184992999,95905.9,95930.9,0.00104269,166132,91110.6
1733184693999,1733184993999,95905.9,95930.9,0.00104269,165893,91110.6
1733184694999,1733184994999,95905.9,95930.9,0.00104269,165655,91110.6
1733184695999,1733184995999,95905.9,95930.9,0.00104269,165417,91110.6
1733184696999,1733184996999,95905.9,95930.9,0.00104269,165180,91110.6
1733184697999,1733184997999,95906.3,95930.9,0.00104268,164945,91111
1733184698999,1733184998999,95906.3,95941.4,0.00104268,164710,91111
1733184699999,1733184999999,95906.3,95941.4,0.00104268,164475,91111
1733184700999,1733185000999,95903.5,95941.4,0.00104271,164236,91108.3
1733184701999,1733185001999,95903.5,95941.4,0.00104271,164003,91108.3
1733184702999,1733185002999,95903.5,95941.4,0.00104271,163770,91108.3
1733184703999,1733185003999,95903.5,95930.2,0.00104271,163538,91108.3
1733184704999,1733185004999,95903.5,95930.2,0.00104271,163306,91108.3
1733184705999,1733185005999,95903.5,95930.2,0.00104271,163076,91108.3
1733184706999,1733185006999,95903.5,95930.2,0.00104271,162845,91108.3
1733184707999,1733185007999,95900,95930.2,0.00104275,162610,91105
1733184708999,1733185008999,95900,95930.2,0.00104275,162381,91105
1733184709999,1733185009999,95900.3,95937.1,0.00104275,162153,91105.3
1733184710999,1733185010999,95900.3,95937.1,0.00104275,161926,91105.3
1733184711999,1733185011999,95906.4,95930.2,0.00104268,161709,91111
1733184712999,1733185012999,95906.4,95930.2,0.00104268,161482,91111
1733184713999,1733185013999,95906.4,95930.2,0.00104268,161256,91111
1733184714999,1733185014999,95906.4,95930.2,0.00104268,161031,91111
1733184715999,1733185015999,95906.4,95930.2,0.00104268,160806,91111
1733184716999,1733185016999,95906.4,95930.2,0.00104268,160582,91111
1733184717999,1733185017999,95906.4,95924.2,0.00104268,160359,91111
1733184718999,1733185018999,95903.5,95924.2,0.00104271,160131,91108.3
1733184719999,1733185019999,95903.5,95924.2,0.00104271,159909,91108.3
1733184720999,1733185020999,95903.5,95924.2,0.00104271,159688,91108.3
1733184721999,1733185021999,95903.5,95920.6,0.00104271,159467,91108.3
1733184722999,1733185022999,95903.5,95914.9,0.00104271,159246,91108.3
1733184723999,1733185023999,95903.5,95904,0.00104271,159026,91108.3
1733184724999,1733185024999,95903.5,95904,0.00104271,158807,91108.3
1733184725999,1733185025999,95903.5,95892,0.00104271,158589,91108.3
1733184726999,1733185026999,95909.5,95892,0.00104265,158381,91114
1733184727999,1733185027999,95909.5,95892,0.00104265,158163,91114
1733184728999,1733185028999,95909.5,95889.6,0.00104265,157946,91114
1733184729999,1733185029999,95909.5,95886,0.00104265,157730,91114
1733184730999,1733185030999,95909.5,95884,0.00104265,157514,91114
1733184731999,1733185031999,95909.5,95893.2,0.00104265,157299,91114
1733184732999,1733185032999,95909.5,95884,0.00104265,157085,91114
1733184733999,1733185033999,95909.5,95871.6,0.00104265,156871,91114
1733184734999,1733185034999,95909.5,95867.7,0.00104265,156657,91114
1733184735999,1733185035999,95909.5,95867.7,0.00104265,156445,91114
1733184736999,1733185036999,95909.5,95867.7,0.00104265,156232,91114
1733184737999,1733185037999,95912,95867.7,0.00104262,156025,91116.4
1733184738999,1733185038999,95912,95867.7,0.00104262,155814,91116.4
1733184739999,1733185039999,95912,95867.7,0.00104262,155603,91116.4
1733184740999,1733185040999,95912,95875.6,0.00104262,155393,91116.4
1733184741999,1733185041999,95912,95875.6,0.00104262,155184,91116.4
1733184742999,1733185042999,95912,95875.7,0.00104262,154975,91116.4
1733184743999,1733185043999,95912,95875.7,0.00104262,154767,91116.4
1733184744999,1733185044999,95912,95875.6,0.00104262,154559,91116.4
1733184745999,1733185045999,95912,95875.7,0.00104262,154352,91116.4
1733184746999,1733185046999,95912,95875.7,0.00104262,154145,91116.4
1733184747999,1733185047999,95914.9,95887.2,0.00104259,153944,91119.1
1733184748999,1733185048999,95914.9,95891.1,0.00104259,153739,91119.1
1733184749999,1733185049999,95914.9,95896,0.00104259,153534,91119.1
1733184750999,1733185050999,95914.9,95896,0.00104259,153330,91119.1
1733184751999,1733185051999,95914.9,95902.9,0.00104259,153126,91119.1
1733184752999,1733185052999,95914.9,95902.9,0.00104259,152923,91119.1
1733184753999,1733185053999,95914.9,95902.9,0.00104259,152720,91119.1
1733184754999,1733185054999,95920,95896,0.00104254,152526,91124
1733184755999,1733185055999,95920,95930,0.00104254,152325,91124
1733184756999,1733185056999,95920,95930,0.00104254,152124,91124
1733184757999,1733185057999,95920,95930.1,0.00104254,151924,91124
1733184758999,1733185058999,95920,95930.1,0.00104254,151725,91124
1733184759999,1733185059999,95920,95930.1,0.00104254,151526,91124
1733184760999,1733185060999,95929.7,95954.2,0.00104243,151342,91133.2
1733184761999,1733185061999,95929.7,95954.2,0.00104243,151144,91133.2
1733184762999,1733185062999,95929.7,95954.2,0.00104243,150947,91133.2
1733184763999,1733185063999,95929.7,95954.2,0.00104243,150750,91133.2
1733184764999,1733185064999,95929.7,95954.2,0.00104243,150554,91133.2
1733184765999,1733185065999,95929.7,95968.1,0.00104243,150358,91133.2
1733184766999,1733185066999,95929.7,95968.1,0.00104243,150162,91133.2
1733184767999,1733185067999,95929.7,95968.1,0.00104243,149967,91133.2
1733184768999,1733185068999,95929.7,95968.1,0.00104243,149773,91133.2
1733184769999,1733185069999,95930.2,95972.2,0.00104242,149579,91133.7
1733184770999,1733185070999,95930.2,95972.2,0.00104242,149386,91133.7
1733184771999,1733185071999,95930.2,95972.2,0.00104242,149193,91133.7
1733184772999,1733185072999,95930.2,95975.1,0.00104242,149000,91133.7
1733184773999,1733185073999,95930.2,95979.9,0.00104242,148808,91133.7
1733184774999,1733185074999,95930.2,95979.9,0.00104242,148617,91133.7
1733184775999,1733185075999,95930.2,95979.9,0.00104242,148426,91133.7
1733184776999,1733185076999,95930.2,95981.1,0.00104242,148235,91133.7
1733184777999,1733185077999,95930.2,95998.9,0.00104242,148045,91133.7
1733184778999,1733185078999,95930.2,96000,0.00104242,147856,91133.7
1733184779999,1733185079999,95930.2,96000,0.00104242,147667,91133.7
1733184780999,1733185080999,95930.2,96000,0.00104242,147478,91133.7
1733184781999,1733185081999,95930.2,96000,0.00104242,147290,91133.7
1733184782999,1733185082999,95930.2,96015.9,0.00104242,147102,91133.7
1733184783999,1733185083999,95930.6,96029.6,0.00104242,146916,91134.1
1733184784999,1733185084999,95930.6,96040.2,0.00104242,146729,91134.1
1733184785999,1733185085999,95930.6,96049.9,0.00104242,146542,91134.1
1733184786999,1733185086999,95951.4,96049.9,0.00104219,146388,91153.9
1733184787999,1733185087999,95956,96049.9,0.00104214,146210,91158.2
1733184788999,1733185088999,95964,96049.9,0.00104206,146037,91165.8
1733184789999,1733185089999,95964,96021.8,0.00104206,145853,91165.8
1733184790999,1733185090999,95964,96021.8,0.00104206,145669,91165.8
1733184791999,1733185091999,95964,96021.8,0.00104206,145486,91165.8
1733184792999,1733185092999,95964,96034.9,0.00104206,145303,91165.8
1733184793999,1733185093999,95964,96036.1,0.00104206,145121,91165.8
1733184794999,1733185094999,95964,96036.1,0.00104206,144939,91165.8
1733184795999,1733185095999,95964,96034.9,0.00104206,144757,91165.8
1733184796999,1733185096999,95964,96034.9,0.00104206,144576,91165.8
1733184797999,1733185097999,95964,96020,0.00104206,144396,91165.8
1733184798999,1733185098999,95964,96020,0.00104206,144216,91165.8
1733184799999,1733185099999,95964,96020,0.00104206,144036,91165.8
1733184800999,1733185100999,95956,96024.4,0.00104214,143845,91158.2
1733184801999,1733185101999,95962.6,96024.4,0.00104207,143676,91164.5
1733184802999,1733185102999,95962.6,96020,0.00104207,143498,91164.5
1733184803999,1733185103999,95962.6,96011.2,0.00104207,143320,91164.5
1733184804999,1733185104999,95963.1,96011.2,0.00104207,143143,91165
1733184805999,1733185105999,95963.1,96005.6,0.00104207,142966,91165
1733184806999,1733185106999,95963.1,96005.6,0.00104207,142789,91164.9
1733184807999,1733185107999,95963.1,96005.6,0.00104207,142613,91164.9
1733184808999,1733185108999,95963.1,96005.6,0.00104207,142437,91164.9
1733184809999,1733185109999,95963.1,96000.6,0.00104207,142262,91165
1733184810999,1733185110999,95963.1,96000.6,0.00104207,142087,91165
1733184811999,1733185111999,95963.1,96000.6,0.00104207,141913,91164.9
1733184812999,1733185112999,95967.7,96000.6,0.00104202,141746,91169.3
1733184813999,1733185113999,95971.1,95993,0.00104198,141577,91172.5
1733184814999,1733185114999,95971.1,95986.9,0.00104198,141404,91172.5
1733184815999,1733185115999,95971.1,95979.9,0.00104198,141231,91172.5
1733184816999,1733185116999,95971.1,95976.1,0.00104198,141059,91172.5
1733184817999,1733185117999,95971.1,95976.1,0.00104198,140887,91172.5
1733184818999,1733185118999,95974.8,95976.1,0.00104194,140721,91176
1733184819999,1733185119999,95974.8,95976.1,0.00104194,140550,91176
1733184820999,1733185120999,95974.8,95972,0.00104194,140379,91176
1733184821999,1733185121999,95974.8,95972,0.00104194,140209,91176
1733184822999,1733185122999,95974.8,95972,0.00104194,140039,91176
1733184823999,1733185123999,95974.8,95972,0.00104194,139870,91176
1733184824999,1733185124999,95974.8,95972,0.00104194,139701,91176
1733184825999,1733185125999,95974.8,95972,0.00104194,139532,91176
1733184826999,1733185126999,95974.8,95972,0.00104194,139364,91176
1733184827999,1733185127999,95974.8,95972,0.00104194,139196,91176
1733184828999,1733185128999,95974.8,95972,0.00104194,139028,91176
1733184829999,1733185129999,96027.1,95972,0.00104137,138937,91225.8
1733184830999,1733185130999,96012,95972,0.00104154,138749,91211.4
1733184831999,1733185131999,96012,95972,0.00104154,138582,91211.4
1733184832999,1733185132999,96024.2,95972,0.0010414,138434,91223
1733184833999,1733185133999,96024.1,95972,0.00104141,138268,91222.9
1733184834999,1733185134999,96027.3,95972,0.00104137,138108,91225.9
1733184835999,1733185135999,96027.3,95972,0.00104137,137943,91225.9
1733184836999,1733185136999,96027.3,95969.4,0.00104137,137779,91225.9
1733184837999,1733185137999,96027.3,95969.4,0.00104137,137615,91225.9
1733184838999,1733185138999,96020.1,95969.4,0.00104145,137441,91219
1733184839999,1733185139999,96020.1,95969.4,0.00104145,137278,91219
1733184840999,1733185140999,96014.4,95969.4,0.00104151,137107,91213.6
1733184841999,1733185141999,96014.4,95969.4,0.00104151,136945,91213.7
1733184842999,1733185142999,96014.4,95964.2,0.00104151,136783,91213.7
1733184843999,1733185143999,96014.4,95954.7,0.00104151,136621,91213.7
1733184844999,1733185144999,96014.4,95954.2,0.00104151,136460,91213.6
1733184845999,1733185145999,96012,95954.2,0.00104154,136295,91211.4
1733184846999,1733185146999,96012,95954.2,0.00104154,136135,91211.4
1733184847999,1733185147999,96012,95954.2,0.00104154,135975,91211.4
1733184848999,1733185148999,96002.4,95954.2,0.00104164,135802,91202.3
1733184849999,1733185149999,95996.1,95954.2,0.00104171,135633,91196.3
1733184850999,1733185150999,95996.2,95944,0.00104171,135474,91196.4
1733184851999,1733185151999,95992,95944,0.00104175,135310,91192.4
1733184852999,1733185152999,95992,95944,0.00104175,135151,91192.4
1733184853999,1733185153999,95992,95948,0.00104175,134993,91192.4
1733184854999,1733185154999,95992,95959.6,0.00104175,134836,91192.4
1733184855999,1733185155999,95994.3,95969.4,0.00104173,134682,91194.6
1733184856999,1733185156999,95994.3,95972,0.00104173,134525,91194.6
1733184857999,1733185157999,95994.3,95972,0.00104173,134368,91194.6
1733184858999,1733185158999,96005.6,95972,0.00104161,134228,91205.3
1733184859999,1733185159999,96005.6,95972,0.00104161,134072,91205.3
1733184860999,1733185160999,96005.6,95987.5,0.00104161,133917,91205.3
1733184861999,1733185161999,96005.6,95987.5,0.00104161,133762,91205.3
1733184862999,1733185162999,96005.6,95994.6,0.00104161,133607,91205.3
1733184863999,1733185163999,96005.6,95994.6,0.00104161,133453,91205.3
1733184864999,1733185164999,95999.2,95994.6,0.00104168,133290,91199.2
1733184865999,1733185165999,95999.2,95997.8,0.00104168,133136,91199.3
1733184866999,1733185166999,95999.2,95997.8,0.00104168,132983,91199.3
1733184867999,1733185167999,95992,96012,0.00104175,132820,91192.4
1733184868999,1733185168999,95992,96012,0.00104175,132667,91192.4
1733184869999,1733185169999,95992,96025.5,0.00104175,132515,91192.4
1733184870999,1733185170999,95988,96025.5,0.0010418,132358,91188.6
1733184871999,1733185171999,95986.5,96025.5,0.00104181,132204,91187.2
1733184872999,1733185172999,95986.5,96025.5,0.00104181,132053,91187.2
1733184873999,1733185173999,95986.5,96025.5,0.00104181,131902,91187.2
1733184874999,1733185174999,95985.9,96033.2,0.00104182,131751,91186.6
1733184875999,1733185175999,95985.9,96033.2,0.00104182,131601,91186.6
1733184876999,1733185176999,95985.9,96033.2,0.00104182,131451,91186.6
1733184877999,1733185177999,95985.9,96033.2,0.00104182,131301,91186.6
1733184878999,1733185178999,95985.9,96025.5,0.00104182,131152,91186.6
1733184879999,1733185179999,95985.9,96025.5,0.00104182,131003,91186.6
1733184880999,1733185180999,95985.9,96025.5,0.00104182,130855,91186.6
1733184881999,1733185181999,95985.9,96025.5,0.00104182,130707,91186.6
1733184882999,1733185182999,95985.9,96025.5,0.00104182,130559,91186.6
1733184883999,1733185183999,95985.9,96025.5,0.00104182,130411,91186.6
1733184884999,1733185184999,95985.9,96025.5,0.00104182,130264,91186.6
1733184885999,1733185185999,95985.9,96025.5,0.00104182,130117,91186.6
1733184886999,1733185186999,95985.9,96025.5,0.00104182,129971,91186.6
1733184887999,1733185187999,95985.9,96025.5,0.00104182,129825,91186.6
1733184888999,1733185188999,95985.9,96025.5,0.00104182,129679,91186.6
1733184889999,1733185189999,95985.9,96025.5,0.00104182,129533,91186.6
1733184890999,1733185190999,95985.9,96009.2,0.00104182,129388,91186.6
1733184891999,1733185191999,95975.8,96009.2,0.00104193,129230,91177
1733184892999,1733185192999,95974.8,96009.2,0.00104194,129084,91176
1733184893999,1733185193999,95968.4,96019.9,0.00104201,128931,91170
1733184894999,1733185194999,95968.4,96019.9,0.00104201,128787,91170
1733184895999,1733185195999,95968.3,96019.9,0.00104201,128643,91169.9
1733184896999,1733185196999,95966.3,96019.9,0.00104203,128497,91168
1733184897999,1733185197999,95966.3,96019.9,0.00104203,128355,91168
1733184898999,1733185198999,95966.3,96019.9,0.00104203,128212,91168
1733184899999,1733185199999,95966.3,96019.9,0.00104203,128070,91168
1733184900999,1733185200999,95966.3,96019.9,0.00104203,127928,91168
1733184901999,1733185201999,95971.4,96019.9,0.00104198,127793,91172.9
1733184902999,1733185202999,95975.8,96009.2,0.00104193,127658,91177
1733184903999,1733185203999,95985,96009.2,0.00104183,127529,91185.8
1733184904999,1733185204999,95982,96009.2,0.00104186,127385,91182.9
1733184905999,1733185205999,95978.1,96000.9,0.0010419,127239,91179.2
1733184906999,1733185206999,95978.1,96000.9,0.0010419,127099,91179.2
1733184907999,1733185207999,95978.1,96000,0.0010419,126960,91179.2
1733184908999,1733185208999,95978.1,96000,0.0010419,126820,91179.2
1733184909999,1733185209999,95982,95996,0.00104186,126687,91182.9
1733184910999,1733185210999,95982,95996,0.00104186,126548,91182.9
1733184911999,1733185211999,95982,95996,0.00104186,126409,91182.9
1733184912999,1733185212999,95982,95996,0.00104186,126271,91182.9
1733184913999,1733185213999,95982,95996,0.00104186,126133,91182.9
1733184914999,1733185214999,95972.2,95996,0.00104197,125983,91173.6
1733184915999,1733185215999,95966.7,96007.2,0.00104203,125838,91168.4
1733184916999,1733185216999,95966.7,96015.9,0.00104203,125701,91168.4
1733184917999,1733185217999,95953.3,96015.9,0.00104217,125547,91155.6
1733184918999,1733185218999,95953.1,96015.9,0.00104218,125411,91155.4
1733184919999,1733185219999,95950.6,96015.9,0.0010422,125271,91153.1
1733184920999,1733185220999,95950.6,96019.8,0.0010422,125136,91153.1
1733184921999,1733185221999,95950.6,96028,0.0010422,125000,91153.1
1733184922999,1733185222999,95950.6,96035.2,0.0010422,124865,91153.1
1733184923999,1733185223999,95943,96039.7,0.00104229,124720,91145.9
1733184924999,1733185224999,95943,96039.7,0.00104229,124586,91145.9
1733184925999,1733185225999,95943,96039.6,0.00104229,124451,91145.9
1733184926999,1733185226999,95943,96039.7,0.00104229,124317,91145.9
1733184927999,1733185227999,95943,96039.6,0.00104229,124183,91145.9
1733184928999,1733185228999,95943,96039.6,0.00104229,124050,91145.9
1733184929999,1733185229999,95943,96039.7,0.00104229,123917,91145.9
1733184930999,1733185230999,95943,96039.6,0.00104229,123784,91145.9
1733184931999,1733185231999,95943,96039.7,0.00104229,123651,91145.9
1733184932999,1733185232999,95936.2,96039.6,0.00104236,123510,91139.4
1733184933999,1733185233999,95930.9,96047.6,0.00104242,123371,91134.4
1733184934999,1733185234999,95930.9,96047.6,0.00104242,123239,91134.4
1733184935999,1733185235999,95930.9,96040,0.00104242,123108,91134.4
1733184936999,1733185236999,95930.9,96033.6,0.00104242,122976,91134.4
1733184937999,1733185237999,95930.9,96029,0.00104242,122845,91134.4
1733184938999,1733185238999,95930.9,96029,0.00104242,122714,91134.4
1733184939999,1733185239999,95930.9,96029,0.00104242,122584,91134.4
1733184940999,1733185240999,95930.9,96029,0.00104242,122454,91134.4
1733184941999,1733185241999,95930.9,96030.2,0.00104242,122324,91134.4
1733184942999,1733185242999,95930.9,96030.2,0.00104242,122194,91134.4
1733184943999,1733185243999,95930.9,96030.2,0.00104242,122065,91134.4
1733184944999,1733185244999,95930.9,96030.2,0.00104242,121936,91134.4
1733184945999,1733185245999,95930.9,96039.6,0.00104242,121807,91134.4
1733184946999,1733185246999,95932,96042.4,0.00104241,121680,91135.4
1733184947999,1733185247999,95932,96043.6,0.0010424,121551,91135.4
1733184948999,1733185248999,95939.1,96043.6,0.00104233,121432,91142.1
1733184949999,1733185249999,95939.1,96043.6,0.00104233,121304,91142.1
1733184950999,1733185250999,95948.7,96043.6,0.00104222,121189,91151.2
1733184951999,1733185251999,95948.7,96043.6,0.00104222,121062,91151.2
1733184952999,1733185252999,95948.7,96043.6,0.00104222,120935,91151.2
1733184953999,1733185253999,95948.7,96039.6,0.00104222,120808,91151.2
1733184954999,1733185254999,95948.7,96039.6,0.00104222,120682,91151.2
1733184955999,1733185255999,95948.7,96030.2,0.00104222,120556,91151.2
1733184956999,1733185256999,95948.7,96030.2,0.00104222,120430,91151.2
1733184957999,1733185257999,95948.7,96030.2,0.00104222,120304,91151.2
1733184958999,1733185258999,95948.7,96030.2,0.00104222,120179,91151.2
1733184959999,1733185259999,95948.7,96020,0.00104222,120054,91151.2
1733184960999,1733185260999,95948.7,96020,0.00104222,119929,91151.2
1733184961999,1733185261999,95948.7,96016,0.00104222,119804,91151.2
1733184962999,1733185262999,95948.7,96012,0.00104222,119680,91151.2
1733184963999,1733185263999,95950.1,96011.4,0.00104221,119558,91152.6
1733184964999,1733185264999,95950.1,96011.4,0.00104221,119434,91152.6
1733184965999,1733185265999,95972,96011.4,0.00104197,119338,91173.4
1733184966999,1733185266999,95972,96011.4,0.00104197,119214,91173.4
1733184967999,1733185267999,95972,96011.4,0.00104197,119092,91173.4
1733184968999,1733185268999,95972,96026.3,0.00104197,118969,91173.4
1733184969999,1733185269999,95972,96026.3,0.00104197,118846,91173.4
1733184970999,1733185270999,95964.2,96026.3,0.00104206,118714,91166
1733184971999,1733185271999,95964.2,96026.3,0.00104206,118592,91166
1733184972999,1733185272999,95964.2,96026.3,0.00104206,118471,91166
1733184973999,1733185273999,95964.2,96017.9,0.00104206,118349,91166
1733184974999,1733185274999,95969.5,96009,0.001042,118234,91171
1733184975999,1733185275999,95977.7,96009,0.00104191,118124,91178.8
1733184976999,1733185276999,95977.7,96009,0.00104191,118003,91178.8
1733184977999,1733185277999,95957.4,96009,0.00104213,117857,91159.6
1733184978999,1733185278999,95952.9,96009,0.00104218,117732,91155.2
1733184979999,1733185279999,95943.1,96009,0.00104228,117599,91145.9
1733184980999,1733185280999,95943.1,96009,0.00104228,117480,91145.9
1733184981999,1733185281999,95943.1,96009,0.00104228,117360,91145.9
1733184982999,1733185282999,95943.1,96009,0.00104228,117241,91145.9
1733184983999,1733185283999,95943.1,96009,0.00104228,117122,91145.9
1733184984999,1733185284999,95943.1,96009,0.00104228,117003,91145.9
1733184985999,1733185285999,95943.1,96009,0.00104228,116884,91145.9
1733184986999,1733185286999,95943.1,96009,0.00104228,116766,91145.9
1733184987999,1733185287999,95943.1,96009,0.00104228,116648,91145.9
1733184988999,1733185288999,95943.1,96009,0.00104228,116530,91145.9
1733184989999,1733185289999,95938.2,96009,0.00104234,116406,91141.3
1733184990999,1733185290999,95938.2,96000,0.00104234,116289,91141.3
1733184991999,1733185291999,95930.9,96000,0.00104242,116163,91134.4
1733184992999,1733185292999,95930.9,96000,0.00104242,116046,91134.4
1733184993999,1733185293999,95930.9,96000,0.00104242,115929,91134.4
1733184994999,1733185294999,95930.9,96000,0.00104242,115812,91134.4
1733184995999,1733185295999,95930.9,95990.1,0.00104242,115696,91134.4
1733184996999,1733185296999,95930.9,95990.1,0.00104242,115580,91134.4
1733184997999,1733185297999,95930.9,95990.1,0.00104242,115464,91134.4
1733184998999,1733185298999,95941.4,95990.1,0.0010423,115361,91144.3
1733184999999,1733185299999,95941.4,95990.1,0.0010423,115246,91144.3
1733185000999,1733185300999,95941.4,95990.1,0.0010423,115131,91144.3
1733185001999,1733185301999,95941.4,95990.1,0.0010423,115016,91144.3
1733185002999,1733185302999,95941.4,95990.1,0.0010423,114901,91144.3
1733185003999,1733185303999,95930.2,95990.1,0.00104242,114774,91133.7
1733185004999,1733185304999,95930.2,95990.1,0.00104242,114659,91133.7
1733185005999,1733185305999,95930.2,95990.1,0.00104242,114545,91133.7
1733185006999,1733185306999,95930.2,95990.1,0.00104242,114432,91133.7
1733185007999,1733185307999,95930.2,95988.2,0.00104242,114318,91133.7
1733185008999,1733185308999,95930.2,95988.2,0.00104242,114205,91133.7
1733185009999,1733185309999,95937.1,95988.2,0.00104235,114100,91140.2
1733185010999,1733185310999,95937.1,95988.2,0.00104235,113987,91140.2
1733185011999,1733185311999,95930.2,95988.2,0.00104242,113867,91133.7
1733185012999,1733185312999,95930.2,95988.5,0.00104242,113754,91133.7
1733185013999,1733185313999,95930.2,95988.5,0.00104242,113642,91133.7
1733185014999,1733185314999,95930.2,95988.5,0.00104242,113530,91133.7
1733185015999,1733185315999,95930.2,95989.9,0.00104242,113418,91133.7
1733185016999,1733185316999,95930.2,95989.8,0.00104242,113307,91133.7
1733185017999,1733185317999,95924.2,95989.8,0.00104249,113188,91128
1733185018999,1733185318999,95924.2,95989.8,0.00104249,113077,91128
1733185019999,1733185319999,95924.2,95989.9,0.00104249,112966,91128
1733185020999,1733185320999,95924.2,95989.8,0.00104249,112856,91128
1733185021999,1733185321999,95920.6,95989.8,0.00104253,112741,91124.6
1733185022999,1733185322999,95914.9,95989.9,0.00104259,112624,91119.2
1733185023999,1733185323999,95904,95989.9,0.00104271,112501,91108.8
1733185024999,1733185324999,95904,95988.5,0.00104271,112392,91108.8
1733185025999,1733185325999,95892,95981.7,0.00104284,112268,91097.4
1733185026999,1733185326999,95892,95981.7,0.00104284,112159,91097.4
1733185027999,1733185327999,95892,95981.7,0.00104284,112049,91097.4
1733185028999,1733185328999,95889.6,95977.5,0.00104287,111937,91095.1
1733185029999,1733185329999,95886,95972,0.00104291,111824,91091.7
1733185030999,1733185330999,95884,95957.5,0.00104293,111714,91089.8
1733185031999,1733185331999,95893.2,95950,0.00104283,111616,91098.5
1733185032999,1733185332999,95884,95948,0.00104293,111497,91089.8
1733185033999,1733185333999,95871.6,95948,0.00104306,111375,91078
1733185034999,1733185334999,95867.7,95937.5,0.0010431,111262,91074.3
1733185035999,1733185335999,95867.7,95937.5,0.0010431,111155,91074.3
1733185036999,1733185336999,95867.7,95936.9,0.0010431,111047,91074.3
1733185037999,1733185337999,95867.7,95928,0.0010431,110940,91074.3
1733185038999,1733185338999,95867.7,95928,0.0010431,110833,91074.3
1733185039999,1733185339999,95867.7,95928,0.0010431,110727,91074.3
1733185040999,1733185340999,95875.6,95928,0.00104302,110629,91081.9
1733185041999,1733185341999,95875.6,95924,0.00104302,110523,91081.9
1733185042999,1733185342999,95875.7,95908.1,0.00104302,110417,91081.9
1733185043999,1733185343999,95875.7,95882.2,0.00104302,110311,91081.9
1733185044999,1733185344999,95875.6,95870.7,0.00104302,110205,91081.9
1733185045999,1733185345999,95875.7,95864,0.00104302,110100,91081.9
1733185046999,1733185346999,95875.7,95864,0.00104302,109994,91081.9
1733185047999,1733185347999,95887.2,95864,0.00104289,109902,91092.8
1733185048999,1733185348999,95891.1,95870.7,0.00104285,109802,91096.6
1733185049999,1733185349999,95896,95870.7,0.0010428,109703,91101.2
1733185050999,1733185350999,95896,95870.7,0.0010428,109598,91101.2
1733185051999,1733185351999,95902.9,95870.7,0.00104272,109502,91107.8
1733185052999,1733185352999,95902.9,95870.7,0.00104272,109398,91107.8
1733185053999,1733185353999,95902.9,95870.7,0.00104272,109294,91107.8
1733185054999,1733185354999,95896,95853,0.0010428,109182,91101.2
1733185055999,1733185355999,95930,95853,0.00104243,109118,91133.5
1733185056999,1733185356999,95930,95820.2,0.00104243,109014,91133.5
1733185057999,1733185357999,95930.1,95800.8,0.00104243,108912,91133.6
1733185058999,1733185358999,95930.1,95809.4,0.00104243,108809,91133.6
1733185059999,1733185359999,95930.1,95815.7,0.00104243,108706,91133.6
1733185060999,1733185360999,95954.2,95827.1,0.00104216,108631,91156.5
1733185061999,1733185361999,95954.2,95827.1,0.00104216,108528,91156.5
1733185062999,1733185362999,95954.2,95827.1,0.00104216,108426,91156.5
1733185063999,1733185363999,95954.2,95827.1,0.00104216,108324,91156.5
1733185064999,1733185364999,95954.2,95827.1,0.00104216,108223,91156.5
1733185065999,1733185365999,95968.1,95827.1,0.00104201,108137,91169.7
1733185066999,1733185366999,95968.1,95818.6,0.00104201,108036,91169.7
1733185067999,1733185367999,95968.1,95814.4,0.00104201,107934,91169.7
1733185068999,1733185368999,95968.1,95794.1,0.00104201,107834,91169.7
1733185069999,1733185369999,95972.2,95807.3,0.00104197,107737,91173.6
1733185070999,1733185370999,95972.2,95827.1,0.00104197,107637,91173.6
1733185071999,1733185371999,95972.2,95827.1,0.00104197,107536,91173.6
1733185072999,1733185372999,95975.1,95825.4,0.00104194,107439,91176.3
1733185073999,1733185373999,95979.9,95825.4,0.00104188,107345,91180.9
1733185074999,1733185374999,95979.9,95825.4,0.00104188,107245,91180.9
1733185075999,1733185375999,95979.9,95825.4,0.00104188,107146,91180.9
1733185076999,1733185376999,95981.1,95825.4,0.00104187,107047,91182
1733185077999,1733185377999,95998.9,95825.4,0.00104168,106968,91199
1733185078999,1733185378999,96000,95825.4,0.00104167,106870,91200
1733185079999,1733185379999,96000,95818.6,0.00104167,106771,91200
1733185080999,1733185380999,96000,95809.4,0.00104167,106673,91200
1733185081999,1733185381999,96000,95809.4,0.00104167,106574,91200
1733185082999,1733185382999,96015.9,95809.4,0.00104149,106494,91215.1
1733185083999,1733185383999,96029.6,95809.4,0.00104135,106411,91228.1
1733185084999,1733185384999,96040.2,95805.7,0.00104123,106325,91238.2
1733185085999,1733185385999,96049.9,95809.4,0.00104113,106238,91247.4
1733185086999,1733185386999,96049.9,95809.4,0.00104112,106140,91247.5
1733185087999,1733185387999,96049.9,95809.4,0.00104113,106043,91247.4
1733185088999,1733185388999,96049.9,95818.6,0.00104113,105946,91247.4
1733185089999,1733185389999,96021.8,95818.6,0.00104143,105817,91220.7
1733185090999,1733185390999,96021.8,95818.6,0.00104143,105721,91220.7
1733185091999,1733185391999,96021.8,95832.9,0.00104143,105624,91220.7
1733185092999,1733185392999,96034.9,95832.9,0.00104129,105542,91233.2
1733185093999,1733185393999,96036.1,95832.9,0.00104128,105447,91234.3
1733185094999,1733185394999,96036.1,95811.1,0.00104128,105350,91234.3
1733185095999,1733185395999,96034.9,95805.8,0.00104129,105253,91233.2
1733185096999,1733185396999,96034.9,95805.8,0.00104129,105157,91233.2
1733185097999,1733185397999,96020,95805.8,0.00104145,105045,91219
1733185098999,1733185398999,96020,95805.8,0.00104145,104950,91219
1733185099999,1733185399999,96020,95805.8,0.00104145,104854,91219
1733185100999,1733185400999,96024.4,95809.4,0.0010414,104764,91223.2
1733185101999,1733185401999,96024.4,95815.4,0.0010414,104669,91223.2
1733185102999,1733185402999,96020,95815.4,0.00104145,104569,91219
1733185103999,1733185403999,96011.2,95815.4,0.00104154,104465,91210.7
1733185104999,1733185404999,96011.2,95815.4,0.00104154,104371,91210.7
1733185105999,1733185405999,96005.6,95815.4,0.00104161,104270,91205.3
1733185106999,1733185406999,96005.6,95815.4,0.00104161,104176,91205.3
1733185107999,1733185407999,96005.6,95815.4,0.00104161,104082,91205.3
1733185108999,1733185408999,96005.6,95820,0.00104161,103988,91205.3
1733185109999,1733185409999,96000.6,95820,0.00104166,103889,91200.6
1733185110999,1733185410999,96000.6,95820,0.00104166,103795,91200.6
1733185111999,1733185411999,96000.6,95840,0.00104166,103702,91200.6
1733185112999,1733185412999,96000.6,95852,0.00104166,103609,91200.6
1733185113999,1733185413999,95993,95852,0.00104174,103508,91193.4
1733185114999,1733185414999,95986.9,95855.9,0.00104181,103408,91187.6
1733185115999,1733185415999,95979.9,95855.9,0.00104188,103308,91180.9
1733185116999,1733185416999,95976.1,95870.7,0.00104193,103211,91177.3
1733185396999,1733185416999,95805.8,95870.7,0.00104378,95870.6,91015.5
1733185397999,1733185416999,95805.8,95870.7,0.00104378,95869.8,91015.5
1733185398999,1733185416999,95805.8,95870.7,0.00104378,95869,91015.5
1733185399999,1733185416999,95805.8,95870.7,0.00104378,95868.2,91015.5
1733185117999,1733185417999,95976.1,95882.5,0.00104193,103119,91177.3
1733185368999,1733185417999,95794.1,95882.5,0.00104391,95879.5,91004.3
1733185384999,1733185417999,95805.7,95882.5,0.00104378,95880.4,91015.4
1733185386999,1733185417999,95809.4,95882.5,0.00104374,95882.4,91019
1733185387999,1733185417999,95809.4,95882.5,0.00104374,95881.5,91019
1733185394999,1733185417999,95811.1,95882.5,0.00104372,95877.5,91020.5
1733185395999,1733185417999,95805.8,95882.5,0.00104378,95871.4,91015.5
1733185400999,1733185417999,95809.4,95882.5,0.00104374,95871,91018.9
1733185401999,1733185417999,95815.4,95882.5,0.00104367,95876.2,91024.6
1733185402999,1733185417999,95815.4,95882.5,0.00104367,95875.5,91024.6
1733185403999,1733185417999,95815.4,95882.5,0.00104367,95874.8,91024.6
1733185404999,1733185417999,95815.4,95882.5,0.00104367,95874.1,91024.6
1733185405999,1733185417999,95815.4,95882.5,0.00104367,95873.4,91024.6
1733185406999,1733185417999,95815.4,95882.5,0.00104367,95872.7,91024.6
1733185407999,1733185417999,95815.4,95882.5,0.00104367,95872,91024.6
1733185408999,1733185417999,95820,95882.5,0.00104362,95875.9,91029
1733185409999,1733185417999,95820,95882.5,0.00104362,95875.3,91029
1733185410999,1733185417999,95820,95882.5,0.00104362,95874.6,91029
1733185118999,1733185418999,95976.1,95882.5,0.00104193,103027,91177.3
1733185119999,1733185419999,95976.1,95882.5,0.00104193,102935,91177.3
1733185120999,1733185420999,95972,95882.5,0.00104197,102838,91173.4
1733185121999,1733185421999,95972,95882.5,0.00104197,102746,91173.4
1733185122999,1733185422999,95972,95882.5,0.00104197,102655,91173.4
1733185123999,1733185423999,95972,95864.6,0.00104197,102563,91173.4
1733185124999,1733185424999,95972,95864.6,0.00104197,102472,91173.4
1733185125999,1733185425999,95972,95864.6,0.00104197,102381,91173.4
1733185126999,1733185426999,95972,95864.6,0.00104197,102290,91173.4
1733185127999,1733185427999,95972,95864.6,0.00104197,102199,91173.4
1733185128999,1733185428999,95972,95864.6,0.00104197,102109,91173.4
1733185129999,1733185429999,95972,95869.6,0.00104197,102018,91173.4
1733185130999,1733185430999,95972,95869.6,0.00104197,101928,91173.4
1733185131999,1733185431999,95972,95884,0.00104197,101837,91173.4
1733185385999,1733185431999,95809.4,95884,0.00104374,95883.2,91019
1733185132999,1733185432999,95972,95884,0.00104197,101747,91173.4
1733185133999,1733185433999,95972,95884,0.00104197,101657,91173.4
1733185134999,1733185434999,95972,95884,0.00104197,101567,91173.4
1733185135999,1733185435999,95972,95890.4,0.00104197,101478,91173.4
1733185380999,1733185435999,95809.4,95890.4,0.00104374,95887.3,91019
1733185381999,1733185435999,95809.4,95890.4,0.00104374,95886.6,91019
1733185382999,1733185435999,95809.4,95890.4,0.00104374,95885.8,91019
1733185383999,1733185435999,95809.4,95890.4,0.00104374,95885,91019
1733185388999,1733185435999,95818.6,95890.4,0.00104364,95889.8,91027.7
1733185389999,1733185435999,95818.6,95890.4,0.00104364,95889,91027.7
1733185390999,1733185435999,95818.6,95890.4,0.00104364,95888.2,91027.7
1733185136999,1733185436999,95969.4,95890.4,0.001042,101385,91171
1733185137999,1733185437999,95969.4,95890.4,0.001042,101296,91171
1733185138999,1733185438999,95969.4,95890.4,0.001042,101207,91171
1733185139999,1733185439999,95969.4,95890.4,0.001042,101118,91171
1733185140999,1733185440999,95969.4,95890.4,0.001042,101029,91171
1733185141999,1733185441999,95969.4,95890.4,0.001042,100940,91171
1733185142999,1733185442999,95964.2,95896,0.00104206,100846,91166
1733185357999,1733185442999,95800.8,95896,0.00104383,95892.1,91010.8
1733185369999,1733185442999,95807.3,95896,0.00104376,95892.1,91016.9
1733185411999,1733185442999,95840,95896,0.00104341,95894,91048
1733185143999,1733185443999,95954.7,95896,0.00104216,100748,91157
1733185144999,1733185444999,95954.2,95896,0.00104216,100659,91156.5
1733185145999,1733185445999,95954.2,95896,0.00104216,100571,91156.5
1733185146999,1733185446999,95954.2,95900,0.00104216,100483,91156.5
1733185379999,1733185446999,95818.6,95900,0.00104364,95897.2,91027.7
1733185147999,1733185447999,95954.2,95900,0.00104216,100395,91156.5
1733185148999,1733185448999,95954.2,95900,0.00104216,100307,91156.5
1733185149999,1733185449999,95954.2,95903.5,0.00104216,100220,91156.5
1733185358999,1733185449999,95809.4,95903.5,0.00104374,95900.2,91018.9
1733185367999,1733185449999,95814.4,95903.5,0.00104368,95900.6,91023.7
1733185391999,1733185449999,95832.9,95903.5,0.00104348,95901.9,91041.3
1733185392999,1733185449999,95832.9,95903.5,0.00104348,95901.1,91041.3
1733185393999,1733185449999,95832.9,95903.5,0.00104348,95900.3,91041.3
1733185150999,1733185450999,95944,95903.5,0.00104227,100122,91146.8
1733185151999,1733185451999,95944,95903.5,0.00104227,100035,91146.8
1733185152999,1733185452999,95944,95904.6,0.00104227,99947.7,91146.8
1733185153999,1733185453999,95948,95904.6,0.00104223,99865,91150.6
1733185154999,1733185454999,95959.6,95928,0.00104211,99790.4,91161.6
1733185356999,1733185454999,95820.2,95928,0.00104362,95912,91029.2
1733185359999,1733185454999,95815.7,95928,0.00104367,95906.2,91024.9
1733185360999,1733185454999,95827.1,95928,0.00104355,95917,91035.7
1733185361999,1733185454999,95827.1,95928,0.00104355,95916.5,91035.7
1733185362999,1733185454999,95827.1,95928,0.00104355,95916,91035.7
1733185363999,1733185454999,95827.1,95928,0.00104355,95915.5,91035.7
1733185364999,1733185454999,95827.1,95928,0.00104355,95915,91035.8
1733185365999,1733185454999,95827.1,95928,0.00104355,95914.4,91035.7
1733185366999,1733185454999,95818.6,95928,0.00104364,95905.3,91027.7
1733185370999,1733185454999,95827.1,95928,0.00104355,95911.4,91035.7
1733185371999,1733185454999,95827.1,95928,0.00104355,95910.8,91035.7
1733185372999,1733185454999,95825.4,95928,0.00104356,95908.5,91034.1
1733185373999,1733185454999,95825.4,95928,0.00104356,95907.9,91034.1
1733185374999,1733185454999,95825.4,95928,0.00104356,95907.3,91034.1
1733185375999,1733185454999,95825.4,95928,0.00104356,95906.7,91034.1
1733185376999,1733185454999,95825.4,95928,0.00104356,95906,91034.1
1733185377999,1733185454999,95825.4,95928,0.00104356,95905.4,91034.1
1733185378999,1733185454999,95825.4,95928,0.00104356,95904.7,91034.2
1733185412999,1733185454999,95852,95928,0.00104328,95905.5,91059.4
1733185413999,1733185454999,95852,95928,0.00104328,95904.9,91059.4
1733185414999,1733185454999,95855.9,95928,0.00104323,95908.4,91063.2
1733185415999,1733185454999,95855.9,95928,0.00104323,95907.9,91063.1
1733185416999,1733185454999,95870.7,95928,0.00104307,95922.2,91077.1
1733185423999,1733185454999,95864.6,95928,0.00104314,95913.3,91071.3
1733185424999,1733185454999,95864.6,95928,0.00104314,95912.9,91071.3
1733185425999,1733185454999,95864.6,95928,0.00104314,95912.5,91071.3
1733185426999,1733185454999,95864.6,95928,0.00104314,95912,91071.3
1733185427999,1733185454999,95864.6,95928,0.00104314,95911.6,91071.3
1733185428999,1733185454999,95864.6,95928,0.00104314,95911.1,91071.3
1733185429999,1733185454999,95869.6,95928,0.00104308,95915.7,91076.1
1733185430999,1733185454999,95869.6,95928,0.00104308,95915.2,91076.1
1733185155999,1733185455999,95969.4,95943.9,0.001042,99714.2,91171
1733185417999,1733185455999,95882.5,95943.9,0.00104294,95933.6,91088.4
1733185418999,1733185455999,95882.5,95943.9,0.00104294,95933.2,91088.4
1733185419999,1733185455999,95882.5,95943.9,0.00104294,95932.8,91088.4
1733185420999,1733185455999,95882.5,95943.9,0.00104294,95932.4,91088.4
1733185421999,1733185455999,95882.5,95943.9,0.00104294,95932,91088.4
1733185422999,1733185455999,95882.5,95943.9,0.00104294,95931.7,91088.4
1733185431999,1733185455999,95884,95943.9,0.00104293,95929.3,91089.8
1733185432999,1733185455999,95884,95943.9,0.00104293,95928.9,91089.8
1733185433999,1733185455999,95884,95943.9,0.00104293,95928.5,91089.8
1733185434999,1733185455999,95884,95943.9,0.00104293,95928.1,91089.8
1733185435999,1733185455999,95890.4,95943.9,0.00104286,95934.1,91095.9
1733185436999,1733185455999,95890.4,95943.9,0.00104286,95933.7,91095.9
1733185437999,1733185455999,95890.4,95943.9,0.00104286,95933.3,91095.9
1733185438999,1733185455999,95890.4,95943.9,0.00104286,95932.9,91095.9
1733185439999,1733185455999,95890.4,95943.9,0.00104286,95932.6,91095.9
1733185440999,1733185455999,95890.4,95943.9,0.00104286,95932.2,91095.9
1733185441999,1733185455999,95890.4,95943.9,0.00104286,95931.8,91095.9
1733185442999,1733185455999,95896,95943.9,0.0010428,95937,91101.2
1733185443999,1733185455999,95896,95943.9,0.0010428,95936.7,91101.2
1733185444999,1733185455999,95896,95943.9,0.0010428,95936.4,91101.2
1733185445999,1733185455999,95896,95943.9,0.0010428,95936.1,91101.2
1733185446999,1733185455999,95900,95943.9,0.00104275,95939.8,91105
1733185447999,1733185455999,95900,95943.9,0.00104275,95939.6,91105
1733185448999,1733185455999,95900,95943.9,0.00104275,95939.3,91105
1733185449999,1733185455999,95903.5,95943.9,0.00104271,95942.5,91108.3
1733185450999,1733185455999,95903.5,95943.9,0.00104271,95942.3,91108.3
1733185451999,1733185455999,95903.5,95943.9,0.00104271,95942,91108.3
1733185452999,1733185455999,95904.6,95943.9,0.0010427,95942.9,91109.4
1733185453999,1733185455999,95904.6,95943.9,0.0010427,95942.6,91109.4
1733185156999,1733185456999,95972,95943.9,0.00104197,99630.5,91173.4
1733185157999,1733185457999,95972,95944,0.00104197,99544.3,91173.4
1733185158999,1733185458999,95972,95943.9,0.00104197,99458.2,91173.4
1733185159999,1733185459999,95972,95943.9,0.00104197,99372.2,91173.4
1733185160999,1733185460999,95987.5,95943.9,0.0010418,99302.5,91188.1
1733185161999,1733185461999,95987.5,95943.9,0.0010418,99216.9,91188.1
1733185162999,1733185462999,95994.6,95943.9,0.00104173,99138.8,91194.9
1733185163999,1733185463999,95994.6,95943.9,0.00104173,99053.4,91194.9
1733185164999,1733185464999,95994.6,95943.9,0.00104173,98968.3,91194.9
1733185165999,1733185465999,95997.8,95943.9,0.00104169,98886.5,91197.9
1733185166999,1733185466999,95997.8,95943.9,0.00104169,98801.7,91197.9
1733185167999,1733185467999,96012,95943.9,0.00104154,98731.7,91211.4
1733185168999,1733185468999,96012,95948,0.00104154,98647.2,91211.4
1733185354999,1733185468999,95853,95948,0.00104326,95945.7,91060.4
1733185355999,1733185468999,95853,95948,0.00104326,95945.3,91060.4
1733185169999,1733185469999,96025.5,95948,0.00104139,98576.7,91224.2
1733185170999,1733185470999,96025.5,95948,0.00104139,98492.5,91224.2
1733185171999,1733185471999,96025.5,95948,0.00104139,98408.5,91224.2
1733185172999,1733185472999,96025.5,95948,0.00104139,98324.6,91224.2
1733185173999,1733185473999,96025.5,95948,0.00104139,98240.8,91224.2
1733185174999,1733185474999,96033.2,95948,0.00104131,98165.1,91231.6
1733185175999,1733185475999,96033.2,95948,0.00104131,98081.7,91231.6
1733185176999,1733185476999,96033.2,95948,0.00104131,97998.4,91231.6
1733185177999,1733185477999,96033.2,95948,0.00104131,97915.2,91231.6
1733185178999,1733185478999,96025.5,95948,0.00104139,97824.3,91224.2
1733185179999,1733185479999,96025.5,95948,0.00104139,97741.4,91224.2
1733185180999,1733185480999,96025.5,95948,0.00104139,97658.6,91224.2
1733185181999,1733185481999,96025.5,95948,0.00104139,97576,91224.2
1733185182999,1733185482999,96025.5,95948,0.00104139,97493.5,91224.2
1733185183999,1733185483999,96025.5,95948,0.00104139,97411.2,91224.2
1733185184999,1733185484999,96025.5,95948,0.00104139,97329,91224.2
1733185185999,1733185485999,96025.5,95943.5,0.00104139,97246.9,91224.2
1733185186999,1733185486999,96025.5,95936.1,0.00104139,97165,91224.2
1733185187999,1733185487999,96025.5,95936.1,0.00104139,97083.2,91224.2
1733185188999,1733185488999,96025.5,95936.1,0.00104139,97001.6,91224.2
1733185189999,1733185489999,96025.5,95936.1,0.00104139,96920.1,91224.2
1733185190999,1733185490999,96009.2,95936.1,0.00104157,96822.2,91208.7
1733185191999,1733185491999,96009.2,95936.1,0.00104157,96741,91208.7
1733185192999,1733185492999,96009.2,95936.1,0.00104157,96659.9,91208.7
1733185193999,1733185493999,96019.9,95937.4,0.00104145,96589.7,91218.9
1733185194999,1733185494999,96019.9,95937.4,0.00104145,96508.9,91218.9
1733185195999,1733185495999,96019.9,95937.4,0.00104145,96428.3,91218.9
1733185196999,1733185496999,96019.9,95937.4,0.00104145,96347.8,91218.9
1733185197999,1733185497999,96019.9,95937.5,0.00104145,96267.4,91218.9
1733185198999,1733185498999,96019.9,95937.5,0.00104145,96187.2,91218.9
1733185199999,1733185499999,96019.9,95937.5,0.00104145,96107.1,91218.9
1733185200999,1733185500999,96019.9,95937.5,0.00104145,96107.1,91218.9
1733185201999,1733185501999,96019.9,95937.5,0.00104145,96107.1,91218.9
1733185202999,1733185502999,96009.2,95937.5,0.00104157,96096.4,91208.7
1733185203999,1733185503999,96009.2,95948,0.00104157,96096.4,91208.7
1733185204999,1733185504999,96009.2,95948,0.00104157,96096.3,91208.7
1733185205999,1733185505999,96000.9,95953.6,0.00104166,96087.9,91200.9
1733185206999,1733185506999,96000.9,95960,0.00104166,96087.9,91200.9
1733185345999,1733185506999,95864,95960,0.00104314,95958.5,91070.8
1733185346999,1733185506999,95864,95960,0.00104314,95958.3,91070.8
1733185347999,1733185506999,95864,95960,0.00104314,95958.2,91070.8
1733185501999,1733185506999,95937.5,95960,0.00104235,95959.9,91140.6
1733185502999,1733185506999,95937.5,95960,0.00104235,95959.6,91140.6
1733185207999,1733185507999,96000,95959.9,0.00104167,96086.9,91200
1733185208999,1733185508999,96000,95959.9,0.00104167,96086.8,91200
1733185209999,1733185509999,95996,95956,0.00104171,96082.7,91196.2
1733185210999,1733185510999,95996,95926.4,0.00104171,96082.6,91196.2
1733185211999,1733185511999,95996,95914.9,0.00104171,96082.5,91196.2
1733185212999,1733185512999,95996,95908,0.00104171,96082.4,91196.2
1733185213999,1733185513999,95996,95908,0.00104171,96082.4,91196.2
1733185214999,1733185514999,95996,95908,0.00104171,96082.3,91196.2
1733185215999,1733185515999,96007.2,95908,0.00104159,96093.5,91206.8
1733185216999,1733185516999,96015.9,95895.4,0.00104149,96102.2,91215.1
1733185217999,1733185517999,96015.9,95888.9,0.00104149,96102.3,91215.2
1733185218999,1733185518999,96015.9,95880,0.00104149,96102.3,91215.1
1733185219999,1733185519999,96015.9,95866.7,0.00104149,96102.4,91215.1
1733185220999,1733185520999,96019.8,95866.8,0.00104145,96106.4,91218.8
1733185221999,1733185521999,96028,95864.6,0.00104136,96114.6,91226.6
1733185222999,1733185522999,96035.2,95864.6,0.00104128,96122,91233.5
1733185223999,1733185523999,96039.7,95864.6,0.00104124,96126.6,91237.7
1733185224999,1733185524999,96039.7,95864.6,0.00104124,96126.7,91237.7
1733185225999,1733185525999,96039.6,95864.6,0.00104124,96126.9,91237.7
1733185226999,1733185526999,96039.7,95864.6,0.00104124,96127,91237.7
1733185227999,1733185527999,96039.6,95828.1,0.00104124,96127.2,91237.7
1733185228999,1733185528999,96039.6,95828.1,0.00104124,96127.3,91237.7
1733185229999,1733185529999,96039.7,95828.1,0.00104124,96127.5,91237.7
1733185230999,1733185530999,96039.6,95835.6,0.00104124,96127.7,91237.7
1733185231999,1733185531999,96039.7,95840.4,0.00104124,96127.8,91237.7
1733185527999,1733185531999,95828.1,95840.4,0.00104353,95839.5,91036.7
1733185528999,1733185531999,95828.1,95840.4,0.00104353,95838.8,91036.7
1733185529999,1733185531999,95828.1,95840.4,0.00104353,95838.1,91036.7
1733185232999,1733185532999,96039.6,95840.4,0.00104124,96128,91237.7
1733185233999,1733185533999,96047.6,95843.7,0.00104115,96136.2,91245.2
1733185234999,1733185534999,96047.6,95867.5,0.00104115,96136.4,91245.2
1733185530999,1733185534999,95835.6,95867.5,0.00104345,95844.9,91043.8
1733185531999,1733185534999,95840.4,95867.5,0.0010434,95849,91048.4
1733185532999,1733185534999,95840.4,95867.5,0.0010434,95848.3,91048.4
1733185533999,1733185534999,95843.7,95867.5,0.00104337,95850.8,91051.5
1733185235999,1733185535999,96040,95876,0.00104123,96128.9,91238
1733185534999,1733185535999,95867.5,95876,0.00104311,95874,91074.1
1733185236999,1733185536999,96033.6,95876,0.0010413,96122.7,91231.9
1733185237999,1733185537999,96029,95876,0.00104135,96118.3,91227.6
1733185238999,1733185538999,96029,95880,0.00104135,96118.5,91227.6
1733185521999,1733185538999,95864.6,95880,0.00104314,95879.8,91071.4
1733185522999,1733185538999,95864.6,95880,0.00104314,95879.2,91071.4
1733185523999,1733185538999,95864.6,95880,0.00104314,95878.5,91071.3
1733185524999,1733185538999,95864.6,95880,0.00104314,95877.9,91071.4
1733185525999,1733185538999,95864.6,95880,0.00104314,95877.3,91071.4
1733185526999,1733185538999,95864.6,95880,0.00104314,95876.7,91071.4
1733185239999,1733185539999,96029,95885.1,0.00104135,96118.7,91227.6
1733185519999,1733185539999,95866.7,95885.1,0.00104311,95883.1,91073.4
1733185520999,1733185539999,95866.8,95885.1,0.00104311,95882.5,91073.4
1733185535999,1733185539999,95876,95885.1,0.00104301,95881.9,91082.2
1733185536999,1733185539999,95876,95885.1,0.00104301,95881.3,91082.2
1733185537999,1733185539999,95876,95885.1,0.00104301,95880.8,91082.2
1733185538999,1733185539999,95880,95885.1,0.00104297,95884.2,91086
1733185240999,1733185540999,96029,95885.1,0.00104135,96118.8,91227.6
1733185241999,1733185541999,96030.2,95885.1,0.00104134,96120.1,91228.7
1733185242999,1733185542999,96030.2,95880,0.00104134,96120.3,91228.7
1733185243999,1733185543999,96030.2,95879,0.00104134,96120.5,91228.7
1733185244999,1733185544999,96030.2,95876,0.00104134,96120.6,91228.7
1733185245999,1733185545999,96039.6,95876,0.00104124,96130.3,91237.6
1733185246999,1733185546999,96042.4,95868,0.00104121,96133.3,91240.3
1733185247999,1733185547999,96043.6,95857.9,0.00104119,96134.7,91241.4
1733185248999,1733185548999,96043.6,95857.9,0.00104119,96134.9,91241.4
1733185249999,1733185549999,96043.6,95857.1,0.00104119,96135,91241.4
1733185250999,1733185550999,96043.6,95857.2,0.00104119,96135.2,91241.4
1733185251999,1733185551999,96043.6,95857.1,0.00104119,96135.3,91241.4
1733185252999,1733185552999,96043.6,95857.9,0.00104119,96135.4,91241.4
1733185253999,1733185553999,96039.6,95857.9,0.00104124,96131.5,91237.6
1733185254999,1733185554999,96039.6,95857.9,0.00104124,96131.7,91237.6
1733185255999,1733185555999,96030.2,95857.9,0.00104134,96122.4,91228.7
1733185256999,1733185556999,96030.2,95857.9,0.00104134,96122.5,91228.7
1733185257999,1733185557999,96030.2,95856.9,0.00104134,96122.6,91228.7
1733185258999,1733185558999,96030.2,95856.9,0.00104134,96122.7,91228.7
1733185259999,1733185559999,96020,95848,0.00104145,96112.6,91219
1733185260999,1733185560999,96020,95848,0.00104145,96112.7,91219
1733185261999,1733185561999,96016,95848,0.00104149,96108.7,91215.2
1733185262999,1733185562999,96012,95848,0.00104154,96104.8,91211.4
1733185263999,1733185563999,96011.4,95848,0.00104154,96104.2,91210.8
1733185264999,1733185564999,96011.4,95848,0.00104154,96104.3,91210.8
1733185265999,1733185565999,96011.4,95848,0.00104154,96104.3,91210.8
1733185266999,1733185566999,96011.4,95848,0.00104154,96104.3,91210.8
1733185267999,1733185567999,96011.4,95848,0.00104154,96104.2,91210.8
1733185268999,1733185568999,96026.3,95848,0.00104138,96119.1,91225
1733185269999,1733185569999,96026.3,95848,0.00104138,96119.2,91225
1733185270999,1733185570999,96026.3,95848,0.00104138,96119.2,91225
1733185271999,1733185571999,96026.3,95848,0.00104138,96119.3,91225
1733185272999,1733185572999,96026.3,95848,0.00104138,96119.3,91225
1733185273999,1733185573999,96017.9,95838.4,0.00104147,96110.9,91217
1733185274999,1733185574999,96009,95838.4,0.00104157,96102,91208.5
1733185275999,1733185575999,96009,95834.6,0.00104157,96101.9,91208.5
1733185276999,1733185576999,96009,95831.8,0.00104157,96101.9,91208.5
1733185277999,1733185577999,96009,95831.8,0.00104157,96101.9,91208.5
1733185278999,1733185578999,96009,95844,0.00104157,96101.9,91208.5
1733185279999,1733185579999,96009,95844,0.00104157,96102,91208.5
1733185280999,1733185580999,96009,95850,0.00104157,96102,91208.5
1733185281999,1733185581999,96009,95857.2,0.00104157,96102,91208.5
1733185282999,1733185582999,96009,95857.2,0.00104157,96102.1,91208.5
1733185283999,1733185583999,96009,95857.2,0.00104157,96102.1,91208.5
1733185284999,1733185584999,96009,95857.2,0.00104157,96102.1,91208.5
1733185285999,1733185585999,96009,95857.2,0.00104157,96102.2,91208.5
1733185286999,1733185586999,96009,95857.2,0.00104157,96102.2,91208.5
1733185287999,1733185587999,96009,95857.2,0.00104157,96102.3,91208.5
1733185288999,1733185588999,96009,95857.2,0.00104157,96102.3,91208.5
1733185289999,1733185589999,96009,95853.5,0.00104157,96102.4,91208.5
1733185290999,1733185590999,96000,95848.7,0.00104167,96093.4,91200
1733185291999,1733185591999,96000,95848.7,0.00104167,96093.5,91200
1733185292999,1733185592999,96000,95848.7,0.00104167,96093.5,91200
1733185293999,1733185593999,96000,95848.7,0.00104167,96093.6,91200
1733185294999,1733185594999,96000,95848.7,0.00104167,96093.7,91200
1733185295999,1733185595999,95990.1,95848.7,0.00104177,96083.8,91190.6
1733185296999,1733185596999,95990.1,95836.5,0.00104177,96083.9,91190.6
1733185297999,1733185597999,95990.1,95836.5,0.00104177,96083.9,91190.6
1733185298999,1733185598999,95990.1,95836.5,0.00104177,96083.9,91190.6
1733185299999,1733185599999,95990.1,95836.5,0.00104177,96083.9,91190.6
1733185300999,1733185600999,95990.1,95836.5,0.00104177,96083.9,91190.6
1733185301999,1733185601999,95990.1,95836.5,0.00104177,96083.8,91190.6
1733185302999,1733185602999,95990.1,95831.8,0.00104177,96083.8,91190.6
1733185303999,1733185603999,95990.1,95828,0.00104177,96083.9,91190.6
1733185304999,1733185604999,95990.1,95828,0.00104177,96083.9,91190.6
1733185305999,1733185605999,95990.1,95828,0.00104177,96083.9,91190.6
1733185306999,1733185606999,95990.1,95825.4,0.00104177,96083.9,91190.6
1733185307999,1733185607999,95988.2,95825.4,0.00104179,96082,91188.8
1733185308999,1733185608999,95988.2,95825.4,0.00104179,96082,91188.8
1733185309999,1733185609999,95988.2,95825.4,0.00104179,96082,91188.8
1733185310999,1733185610999,95988.2,95825.4,0.0010418,96082,91188.8
1733185311999,1733185611999,95988.2,95825.4,0.00104179,96082,91188.8
1733185312999,1733185612999,95988.5,95825.4,0.00104179,96082.3,91189.1
1733185313999,1733185613999,95988.5,95816,0.00104179,96082.3,91189
1733185314999,1733185614999,95988.5,95792.5,0.00104179,96082.3,91189
1733185315999,1733185615999,95989.9,95792.5,0.00104178,96083.7,91190.4
1733185316999,1733185616999,95989.8,95792.5,0.00104178,96083.7,91190.3
1733185317999,1733185617999,95989.8,95792.5,0.00104178,96083.7,91190.3
1733185318999,1733185618999,95989.8,95792.5,0.00104178,96083.7,91190.3
1733185319999,1733185619999,95989.9,95792.5,0.00104178,96083.7,91190.4
1733185320999,1733185620999,95989.8,95792.5,0.00104178,96083.7,91190.3
1733185321999,1733185621999,95989.8,95792.5,0.00104178,96083.7,91190.3
1733185322999,1733185622999,95989.9,95775.4,0.00104178,96083.7,91190.4
1733185323999,1733185623999,95989.9,95772,0.00104178,96083.8,91190.4
1733185324999,1733185624999,95988.5,95772,0.00104179,96082.5,91189.1
1733185325999,1733185625999,95981.7,95772.3,0.00104187,96075.8,91182.6
1733185326999,1733185626999,95981.7,95772.3,0.00104187,96075.9,91182.6
1733185327999,1733185627999,95981.7,95772.3,0.00104187,96075.9,91182.6
1733185328999,1733185628999,95977.5,95757.3,0.00104191,96071.8,91178.6
1733185329999,1733185629999,95972,95757.3,0.00104197,96066.4,91173.4
1733185330999,1733185630999,95957.5,95756,0.00104213,96051.9,91159.6
1733185331999,1733185631999,95950,95752,0.00104221,96044.4,91152.5
1733185332999,1733185632999,95948,95737.3,0.00104223,96042.5,91150.6
1733185333999,1733185633999,95948,95732.4,0.00104223,96042.5,91150.6
1733185334999,1733185634999,95937.5,95727.6,0.00104235,96032,91140.6
1733185335999,1733185635999,95937.5,95727.6,0.00104235,96032.1,91140.6
1733185336999,1733185636999,95936.9,95727.6,0.00104235,96031.6,91140.1
1733185337999,1733185637999,95928,95727.6,0.00104245,96022.8,91131.6
1733185338999,1733185638999,95928,95727.6,0.00104245,96022.8,91131.6
1733185339999,1733185639999,95928,95720.9,0.00104245,96022.9,91131.6
1733185340999,1733185640999,95928,95720.9,0.00104245,96022.9,91131.6
1733185341999,1733185641999,95924,95716,0.00104249,96018.9,91127.8
1733185342999,1733185642999,95908.1,95716.1,0.00104266,96003,91112.7
1733185343999,1733185643999,95882.2,95720.9,0.00104295,95977,91088.1
1733185344999,1733185644999,95870.7,95717,0.00104307,95965.3,91077.2
1733185348999,1733185648999,95870.7,95717.7,0.00104307,95964.7,91077.2
1733185349999,1733185649999,95870.7,95717.6,0.00104307,95964.5,91077.2
1733185350999,1733185650999,95870.7,95717.7,0.00104307,95964.3,91077.2
1733185351999,1733185651999,95870.7,95717.6,0.00104307,95964.1,91077.2
1733185352999,1733185652999,95870.7,95717.7,0.00104307,95963.9,91077.2
1733185353999,1733185653999,95870.7,95717.6,0.00104307,95963.6,91077.2
1733185454999,1733185754999,95928,95789.4,0.00104245,95965.8,91131.6
1733185455999,1733185755999,95943.9,95789.4,0.00104228,95981.6,91146.8
1733185456999,1733185756999,95943.9,95789.4,0.00104228,95981.4,91146.8
1733185457999,1733185757999,95944,95779.8,0.00104228,95981.2,91146.8
1733185458999,1733185758999,95943.9,95780.8,0.00104228,95980.9,91146.8
1733185459999,1733185759999,95943.9,95780.8,0.00104228,95980.7,91146.8
1733185460999,1733185760999,95943.9,95780.8,0.00104228,95980.4,91146.8
1733185461999,1733185761999,95943.9,95780.8,0.00104228,95980.2,91146.8
1733185462999,1733185762999,95943.9,95780.8,0.00104228,95979.9,91146.8
1733185463999,1733185763999,95943.9,95780.8,0.00104228,95979.7,91146.8
1733185464999,1733185764999,95943.9,95780.9,0.00104228,95979.4,91146.8
1733185465999,1733185765999,95943.9,95789.4,0.00104228,95979.1,91146.8
1733185466999,1733185766999,95943.9,95789.4,0.00104228,95978.8,91146.8
1733185467999,1733185767999,95943.9,95789.4,0.00104228,95978.5,91146.8
1733185468999,1733185768999,95948,95789.4,0.00104223,95982.2,91150.6
1733185469999,1733185769999,95948,95789.4,0.00104223,95981.9,91150.6
1733185470999,1733185770999,95948,95789.4,0.00104223,95981.5,91150.6
1733185471999,1733185771999,95948,95789.4,0.00104223,95981.2,91150.6
1733185472999,1733185772999,95948,95789.4,0.00104223,95980.8,91150.6
1733185473999,1733185773999,95948,95789.4,0.00104223,95980.5,91150.6
1733185474999,1733185774999,95948,95789.4,0.00104223,95980.1,91150.6
1733185475999,1733185775999,95948,95789.4,0.00104223,95979.7,91150.6
1733185476999,1733185776999,95948,95791.7,0.00104223,95979.3,91150.6
1733185477999,1733185777999,95948,95794.1,0.00104223,95978.9,91150.6
1733185478999,1733185778999,95948,95794.1,0.00104223,95978.6,91150.6
1733185479999,1733185779999,95948,95794.1,0.00104223,95978.2,91150.6
1733185480999,1733185780999,95948,95772,0.00104223,95977.8,91150.6
1733185481999,1733185781999,95948,95772,0.00104223,95977.5,91150.6
1733185482999,1733185782999,95948,95772,0.00104223,95977.2,91150.6
1733185483999,1733185783999,95948,95772,0.00104223,95976.8,91150.6
1733185484999,1733185784999,95948,95772,0.00104223,95976.4,91150.6
1733185485999,1733185785999,95943.5,95772,0.00104228,95971.6,91146.3
1733185486999,1733185786999,95936.1,95772,0.00104236,95963.8,91139.3
1733185487999,1733185787999,95936.1,95772,0.00104236,95963.4,91139.3
1733185488999,1733185788999,95936.1,95772,0.00104236,95963.1,91139.3
1733185489999,1733185789999,95936.1,95772,0.00104236,95962.7,91139.3
1733185490999,1733185790999,95936.1,95772,0.00104236,95962.4,91139.3
1733185491999,1733185791999,95936.1,95772,0.00104236,95962,91139.3
1733185492999,1733185792999,95936.1,95772,0.00104236,95961.7,91139.3
1733185493999,1733185793999,95937.4,95772,0.00104235,95962.6,91140.5
1733185494999,1733185794999,95937.4,95772,0.00104235,95962.3,91140.5
1733185495999,1733185795999,95937.4,95772,0.00104235,95961.9,91140.5
1733185496999,1733185796999,95937.4,95772,0.00104235,95961.5,91140.5
1733185497999,1733185797999,95937.5,95772,0.00104235,95961.3,91140.6
1733185498999,1733185798999,95937.5,95772,0.00104235,95961,91140.6
1733185499999,1733185799999,95937.5,95772,0.00104235,95960.6,91140.6
1733185500999,1733185800999,95937.5,95772,0.00104235,95960.3,91140.6
1733185503999,1733185803999,95948,95772,0.00104223,95969.8,91150.6
1733185504999,1733185804999,95948,95772,0.00104223,95969.5,91150.6
1733185505999,1733185805999,95953.6,95740.4,0.00104217,95974.8,91155.9
1733185506999,1733185806999,95960,95737.4,0.0010421,95981,91162
1733185507999,1733185807999,95959.9,95748.5,0.0010421,95980.7,91162
1733185508999,1733185808999,95959.9,95752.1,0.0010421,95980.5,91162
1733185509999,1733185809999,95956,95752.1,0.00104214,95976.3,91158.2
1733185510999,1733185810999,95926.4,95752.1,0.00104247,95946.4,91130.1
1733185511999,1733185811999,95914.9,95752.1,0.00104259,95934.6,91119.2
1733185512999,1733185812999,95908,95764,0.00104267,95927.3,91112.6
1733185513999,1733185813999,95908,95764,0.00104267,95927,91112.6
1733185514999,1733185814999,95908,95764,0.00104267,95926.6,91112.6
1733185515999,1733185815999,95908,95772,0.00104267,95926.3,91112.6
1733185516999,1733185816999,95895.4,95775.5,0.0010428,95913.2,91100.6
1733185517999,1733185817999,95888.9,95776,0.00104287,95906.3,91094.5
1733185518999,1733185818999,95880,95776,0.00104297,95896.9,91086
1733185539999,1733185839999,95885.1,95812,0.00104291,95888.8,91090.9
1733185540999,1733185840999,95885.1,95816,0.00104291,95888.3,91090.9
1733185541999,1733185841999,95885.1,95812,0.00104291,95887.7,91090.9
1733185542999,1733185842999,95880,95811.5,0.00104297,95882,91086
1733185543999,1733185843999,95879,95809.4,0.00104298,95880.4,91085.1
1733185544999,1733185844999,95876,95807.6,0.00104301,95876.8,91082.2
1733185545999,1733185845999,95876,95807.6,0.00104301,95876.2,91082.2
1733186311999,1733186325999,95995.2,96009.2,0.00104172,96006.4,91195.4
1733186312999,1733186325999,95992.1,96009.2,0.00104175,96004,91192.5
1733186313999,1733186325999,95992.1,96009.2,0.00104175,96004.8,91192.5
1733186314999,1733186325999,95992.1,96009.2,0.00104175,96005.5,91192.5
1733186315999,1733186325999,95992.1,96009.2,0.00104175,96006.2,91192.5
1733186316999,1733186325999,95992.1,96009.2,0.00104175,96007,91192.5
1733186317999,1733186325999,95992.1,96009.2,0.00104175,96007.8,91192.5
1733186318999,1733186325999,95992.1,96009.2,0.00104175,96008.6,91192.5
1733186308999,1733186327999,96002.4,96011.5,0.00104164,96011.3,91202.3
1733186319999,1733186327999,95992.1,96011.5,0.00104175,96009.3,91192.5
1733186320999,1733186327999,95992.1,96011.5,0.00104175,96010.1,91192.5
1733186321999,1733186327999,95992.1,96011.5,0.00104175,96010.9,91192.5
1733186298999,1733186598999,96038.5,95885.5,0.00104125,96039.2,91236.6
1733186299999,1733186599999,96038.5,95885.4,0.00104125,96040.1,91236.6
1733186300999,1733186600999,96038.5,95885.4,0.00104125,96040.9,91236.6
1733186301999,1733186601999,96024,95885.5,0.00104141,96027.3,91222.8
1733186302999,1733186602999,96024,95894.8,0.00104141,96028.1,91222.8
1733186303999,1733186603999,96024,95894.8,0.00104141,96028.9,91222.8
1733186304999,1733186604999,96024,95894.8,0.00104141,96029.8,91222.8
1733186305999,1733186605999,96024,95894.8,0.00104141,96030.6,91222.8
1733186306999,1733186606999,96024,95907.8,0.00104141,96031.4,91222.8
1733186307999,1733186607999,96012,95914.2,0.00104154,96020.2,91211.4
1733186309999,1733186609999,96002.4,95914.2,0.00104164,96012.1,91202.3
1733186310999,1733186610999,96002.4,95914.2,0.00104164,96012.8,91202.3
1733186322999,1733186622999,95992.1,95903.6,0.00104175,96011.6,91192.5
1733186323999,1733186623999,95992.1,95902,0.00104175,96012.4,91192.5
1733186324999,1733186624999,95999.9,95902,0.00104167,96021,91199.9
1733186325999,1733186625999,96009.2,95902,0.00104157,96031.1,91208.7
1733186326999,1733186626999,96009.2,95902,0.00104157,96031.9,91208.7
1733186327999,1733186627999,96011.5,95902,0.00104154,96035.1,91210.9
1733186328999,1733186628999,96011.5,95902,0.00104154,96035.9,91210.9
1733186329999,1733186629999,96011.5,95902,0.00104154,96036.7,91210.9
1733186330999,1733186630999,96011.5,95902,0.00104154,96037.5,91210.9
1733186331999,1733186631999,96011.5,95902,0.00104154,96038.4,91210.9
1733186332999,1733186632999,96011.5,95902,0.00104154,96039.2,91210.9
1733186333999,1733186633999,96011.5,95902,0.00104154,96040,91210.9
1733186334999,1733186634999,96001.2,95902,0.00104165,96030.5,91201.1
1733186335999,1733186635999,96001.2,95902,0.00104165,96031.4,91201.2
1733186336999,1733186636999,96001.2,95902,0.00104165,96032.3,91201.2
1733186337999,1733186637999,96001.2,95902,0.00104165,96033.2,91201.2
1733186338999,1733186638999,96001.2,95902,0.00104165,96034.1,91201.1
1733186339999,1733186639999,96001.2,95902,0.00104165,96035,91201.1
1733186340999,1733186640999,96001.2,95902,0.00104165,96035.9,91201.1
1733186341999,1733186641999,96001.2,95902,0.00104165,96036.8,91201.1
1733186342999,1733186642999,96001.2,95902,0.00104165,96037.7,91201.1
1733186343999,1733186643999,96001.2,95902,0.00104165,96038.7,91201.2
1733186344999,1733186644999,96001.2,95902,0.00104165,96039.6,91201.1
1733186345999,1733186645999,95980,95902,0.00104188,96019.4,91181
1733186346999,1733186646999,95980,95907,0.00104188,96020.4,91181
1733186347999,1733186647999,95980,95921.7,0.00104188,96021.3,91181
1733186348999,1733186648999,95980,95921.7,0.00104188,96022.2,91181
1733186349999,1733186649999,95980,95921.7,0.00104188,96023.2,91181
1733186350999,1733186650999,95980,95921.8,0.00104188,96024,91181
1733186351999,1733186651999,95980,95921.7,0.00104188,96024.9,91181
1733186352999,1733186652999,95965.1,95921.7,0.00104204,96010.9,91166.9
1733186353999,1733186653999,95965.1,95921.8,0.00104205,96011.8,91166.9
1733186354999,1733186654999,95965.1,95921.8,0.00104204,96012.7,91166.9
1733186355999,1733186655999,95976.1,95921.8,0.00104193,96024.5,91177.2
1733186356999,1733186656999,95980,95921.7,0.00104188,96029.4,91181
1733186357999,1733186657999,95980,95923.6,0.00104188,96030.3,91181
1733186358999,1733186658999,95980,95923.6,0.00104188,96031.2,91181
1733186359999,1733186659999,95983.3,95923.6,0.00104185,96035.5,91184.1
1733186360999,1733186660999,95993.9,95923.6,0.00104173,96047,91194.2
1733186361999,1733186661999,95996,95923.6,0.00104171,96049.9,91196.2
1733186362999,1733186662999,96003.3,95923.6,0.00104163,96058.2,91203.1
1733186363999,1733186663999,96003.3,95923.6,0.00104163,96059.2,91203.1
1733186364999,1733186664999,96003.3,95923.6,0.00104163,96060.2,91203.1
1733186365999,1733186665999,96003.3,95923.6,0.00104163,96061.2,91203.1
1733186366999,1733186666999,96003.3,95923.6,0.00104163,96062.1,91203.1
1733186367999,1733186667999,95995.1,95923.6,0.00104172,96054.9,91195.3
1733186368999,1733186668999,95974.7,95923.6,0.00104194,96035.5,91176
1733186369999,1733186669999,95974.7,95923.6,0.00104194,96036.4,91176
1733186370999,1733186670999,95973.8,95923.9,0.00104195,96036.4,91175.1
1733186371999,1733186671999,95972,95923.9,0.00104197,96035.5,91173.4
1733186372999,1733186672999,95965.2,95931.6,0.00104204,96029.6,91166.9
1733186579999,1733186672999,95852.1,95931.6,0.00104327,95931,91059.5
1733186580999,1733186672999,95852.1,95931.6,0.00104327,95930.3,91059.5
1733186581999,1733186672999,95852.1,95931.6,0.00104327,95929.5,91059.5
1733186582999,1733186672999,95852.1,95931.6,0.00104327,95928.8,91059.5
1733186583999,1733186672999,95852.2,95931.6,0.00104327,95928,91059.6
1733186584999,1733186672999,95856,95931.6,0.00104323,95931.2,91063.2
1733186373999,1733186673999,95965.2,95931.6,0.00104204,96030.4,91166.9
1733186374999,1733186674999,95965.2,95952.4,0.00104204,96031.3,91166.9
1733186575999,1733186674999,95858.5,95952.4,0.0010432,95940.3,91065.6
1733186576999,1733186674999,95858.5,95952.4,0.0010432,95939.6,91065.6
1733186577999,1733186674999,95858.5,95952.4,0.0010432,95938.9,91065.6
1733186578999,1733186674999,95858.5,95952.4,0.0010432,95938.2,91065.6
1733186585999,1733186674999,95858.5,95952.4,0.0010432,95933,91065.6
1733186586999,1733186674999,95858.5,95952.4,0.0010432,95932.3,91065.6
1733186587999,1733186674999,95859.8,95952.4,0.00104319,95932.9,91066.8
1733186598999,1733186674999,95885.5,95952.4,0.00104291,95952.4,91091.2
1733186599999,1733186674999,95885.4,95952.4,0.00104291,95951.8,91091.2
1733186600999,1733186674999,95885.4,95952.4,0.00104291,95951.2,91091.2
1733186601999,1733186674999,95885.5,95952.4,0.00104291,95950.7,91091.2
1733186643999,1733186674999,95902,95952.4,0.00104273,95952.1,91106.9
1733186644999,1733186674999,95902,95952.4,0.00104273,95951.7,91106.9
1733186645999,1733186674999,95902,95952.4,0.00104273,95951.5,91106.9
1733186375999,1733186675999,95956.6,95952.4,0.00104214,96023.5,91158.7
1733186376999,1733186676999,95956.6,95952.4,0.00104214,96024.3,91158.7
1733186377999,1733186677999,95956.5,95952.4,0.00104214,96025.2,91158.7
1733186378999,1733186678999,95956.6,95952.4,0.00104214,96026,91158.7
1733186379999,1733186679999,95956,95952.4,0.00104214,96026.3,91158.2
1733186380999,1733186680999,95956,95952.4,0.00104214,96027.1,91158.2
1733186381999,1733186681999,95956,95952.4,0.00104214,96027.9,91158.2
1733186382999,1733186682999,95956,95952.4,0.00104214,96028.7,91158.2
1733186383999,1733186683999,95948,95952.4,0.00104223,96021.5,91150.6
1733186384999,1733186684999,95948,95952.4,0.00104223,96022.3,91150.6
1733186385999,1733186685999,95948,95952.4,0.00104223,96023,91150.6
