1733184249999,1733184250999,95775,95784,0.00104411,95775.2,90986.3
1733184250999,1733184255999,95784,95788,0.00104402,95785.6,90994.8
1733184251999,1733184255999,95784,95788,0.00104402,95786.9,90994.8
1733184252999,1733184258999,95784,95789,0.00104402,95788,90994.8
1733184253999,1733184259999,95784,95800.4,0.00104402,95789.1,90994.8
1733184254999,1733184259999,95784,95800.4,0.00104402,95790.3,90994.8
1733184255999,1733184259999,95788,95800.4,0.00104397,95795.3,90998.6
1733184256999,1733184259999,95788,95800.4,0.00104397,95796.3,90998.6
1733184257999,1733184259999,95788,95800.4,0.00104397,95797.4,90998.6
1733184258999,1733184259999,95789,95800.4,0.00104396,95799.4,90999.5
1733184259999,1733184261999,95800.4,95824,0.00104384,95812,91010.4
1733184260999,1733184261999,95804,95824,0.0010438,95816.8,91013.8
1733184261999,1733184287999,95824,95840,0.00104358,95838.3,91032.8
1733184262999,1733184287999,95824,95840,0.00104358,95839.8,91032.8
1733184263999,1733184292999,95825.4,95843.2,0.00104356,95842.7,91034.1
1733184264999,1733184311999,95825.4,95852.6,0.00104356,95843.9,91034.1
1733184265999,1733184311999,95825.4,95852.6,0.00104356,95844.8,91034.1
1733184266999,1733184311999,95825.4,95852.6,0.00104356,95845.7,91034.1
1733184267999,1733184311999,95825.4,95852.6,0.00104356,95846.6,91034.1
1733184268999,1733184311999,95825.4,95852.6,0.00104356,95847.6,91034.1
1733184269999,1733184311999,95825.4,95852.6,0.00104356,95848.5,91034.1
1733184270999,1733184311999,95825.4,95852.6,0.00104356,95849.4,91034.1
1733184271999,1733184311999,95825.4,95852.6,0.00104356,95850.3,91034.1
1733184272999,1733184311999,95825.4,95852.6,0.00104356,95851.2,91034.1
1733184273999,1733184311999,95825.4,95852.6,0.00104356,95852,91034.1
1733184385999,1733184391999,95768.1,95770.6,0.00104419,95768.2,90979.7
1733184370999,1733184409999,95784.4,95802.5,0.00104401,95800.4,90995.2
1733184371999,1733184409999,95784.4,95802.5,0.00104401,95799.4,90995.2
1733184372999,1733184409999,95777.5,95802.5,0.00104409,95791.4,90988.7
1733184373999,1733184409999,95777.5,95802.5,0.00104409,95790.2,90988.7
1733184374999,1733184409999,95777.5,95802.5,0.00104409,95789.1,90988.7
1733184375999,1733184409999,95777.5,95802.5,0.00104409,95788,90988.7
1733184376999,1733184409999,95777.5,95802.5,0.00104409,95786.8,90988.6
1733184377999,1733184409999,95777.5,95802.5,0.00104409,95785.7,90988.6
1733184378999,1733184409999,95777.5,95802.5,0.00104409,95784.5,90988.7
1733184379999,1733184409999,95777.5,95802.5,0.00104409,95783.3,90988.6
1733184380999,1733184409999,95777.5,95802.5,0.00104409,95782.2,90988.7
1733184381999,1733184409999,95777.5,95802.5,0.00104409,95781.3,90988.7
1733184382999,1733184409999,95777.5,95802.5,0.00104409,95780.4,90988.7
1733184383999,1733184409999,95777.5,95802.5,0.00104409,95779.5,90988.7
1733184384999,1733184409999,95777.5,95802.5,0.00104409,95778.6,90988.6
1733184360999,1733184412999,95789,95819.5,0.00104396,95817.3,90999.5
1733184367999,1733184412999,95794.4,95819.5,0.0010439,95813.9,91004.7
1733184368999,1733184412999,95794.4,95819.5,0.0010439,95812.6,91004.7
1733184369999,1733184412999,95794.4,95819.5,0.0010439,95811.4,91004.7
1733184357999,1733184414999,95793.6,95825.4,0.00104391,95825.3,91004
1733184358999,1733184414999,95793.6,95825.4,0.00104391,95824.1,91004
1733184359999,1733184414999,95793.6,95825.4,0.00104391,95823.3,91004
1733184350999,1733184417999,95793.6,95834.7,0.00104391,95833.9,91004
1733184351999,1733184417999,95793.6,95834.7,0.00104391,95832.6,91004
1733184352999,1733184417999,95793.6,95834.7,0.00104391,95831.4,91004
1733184353999,1733184417999,95793.6,95834.7,0.00104391,95830.1,91004
1733184354999,1733184417999,95793.6,95834.7,0.00104391,95828.9,91004
1733184355999,1733184417999,95793.6,95834.7,0.00104391,95827.6,91004
1733184356999,1733184417999,95793.6,95834.7,0.00104391,95826.5,91004
1733184343999,1733184427999,95796,95847.7,0.00104388,95845.1,91006.2
1733184344999,1733184427999,95793.6,95847.7,0.00104391,95841.5,91004
1733184345999,1733184427999,95793.6,95847.7,0.00104391,95840.3,91004
1733184346999,1733184427999,95793.6,95847.7,0.00104391,95839,91004
1733184347999,1733184427999,95793.6,95847.7,0.00104391,95837.7,91004
1733184348999,1733184427999,95793.6,95847.7,0.00104391,95836.4,91004
1733184349999,1733184427999,95793.6,95847.7,0.00104391,95835.1,91004
1733184361999,1733184427999,95816,95847.7,0.00104367,95843.1,91025.2
1733184362999,1733184427999,95816,95847.7,0.00104367,95841.9,91025.2
1733184363999,1733184427999,95816,95847.7,0.00104367,95840.6,91025.2
1733184364999,1733184427999,95816,95847.7,0.00104367,95839.4,91025.2
1733184365999,1733184427999,95816,95847.7,0.00104367,95838.2,91025.2
1733184366999,1733184427999,95816,95847.7,0.00104367,95836.9,91025.2
1733184274999,1733184428999,95825.4,95860.7,0.00104356,95852.9,91034.1
1733184275999,1733184428999,95825.4,95860.7,0.00104356,95853.8,91034.1
1733184337999,1733184428999,95804.6,95860.7,0.00104379,95859.8,91014.4
1733184338999,1733184428999,95804.6,95860.7,0.00104379,95858.8,91014.4
1733184339999,1733184428999,95804.6,95860.7,0.00104379,95857.8,91014.4
1733184340999,1733184428999,95804.6,95860.7,0.00104379,95856.8,91014.4
1733184341999,1733184428999,95804.6,95860.7,0.00104379,95855.8,91014.4
1733184342999,1733184428999,95804.6,95860.7,0.00104379,95854.8,91014.4
1733184276999,1733184436999,95831.9,95871.2,0.00104349,95861.7,91040.3
1733184277999,1733184436999,95833.1,95871.2,0.00104348,95864.4,91041.4
1733184278999,1733184436999,95833.1,95871.2,0.00104348,95865.9,91041.4
1733184279999,1733184436999,95835,95871.2,0.00104346,95869.3,91043.2
1733184280999,1733184436999,95835,95871.2,0.00104346,95870.8,91043.2
1733184331999,1733184436999,95809.5,95871.2,0.00104374,95870.4,91019
1733184332999,1733184436999,95808,95871.2,0.00104375,95868,91017.6
1733184333999,1733184436999,95804.6,95871.2,0.00104379,95863.6,91014.4
1733184334999,1733184436999,95804.6,95871.2,0.00104379,95862.7,91014.4
1733184335999,1733184436999,95804.6,95871.2,0.00104379,95861.7,91014.4
1733184336999,1733184436999,95804.6,95871.2,0.00104379,95860.8,91014.4
1733184281999,1733184438999,95835,95882.6,0.00104346,95872.2,91043.2
1733184282999,1733184438999,95835,95882.6,0.00104346,95873.6,91043.2
1733184283999,1733184438999,95835,95882.6,0.00104346,95875.1,91043.2
1733184284999,1733184438999,95831.9,95882.6,0.00104349,95873.4,91040.3
1733184285999,1733184438999,95835,95882.6,0.00104346,95877.9,91043.2
1733184286999,1733184438999,95836,95882.6,0.00104345,95880.3,91044.2
1733184324999,1733184438999,95816,95882.6,0.00104367,95882.4,91025.2
1733184325999,1733184438999,95816,95882.6,0.00104367,95881.8,91025.2
1733184326999,1733184438999,95817.6,95882.6,0.00104365,95882.6,91026.7
1733184327999,1733184438999,95817.6,95882.6,0.00104365,95881.8,91026.7
1733184328999,1733184438999,95817.6,95882.6,0.00104365,95881.1,91026.7
1733184329999,1733184438999,95817.6,95882.6,0.00104365,95880.2,91026.7
1733184330999,1733184438999,95816,95882.6,0.00104367,95877.9,91025.2
1733184437999,1733184438999,95871.2,95882.6,0.00104307,95872.3,91077.7
1733184461999,1733184465999,95756,95784,0.00104432,95777.5,90968.2
1733184462999,1733184465999,95762.6,95784,0.00104425,95783.2,90974.5
1733184463999,1733184465999,95762.6,95784,0.00104425,95782.4,90974.5
1733184464999,1733184465999,95762.6,95784,0.00104425,95781.5,90974.5
1733184460999,1733184466999,95764,95792,0.00104423,95786,90975.8
1733184457999,1733184478999,95772,95804.9,0.00104415,95795,90983.4
1733184458999,1733184478999,95770.6,95804.9,0.00104416,95793.7,90982.1
1733184459999,1733184478999,95770.6,95804.9,0.00104416,95793.2,90982.1
1733184465999,1733184478999,95784,95804.9,0.00104402,95802.2,90994.8
1733184474999,1733184478999,95792,95804.9,0.00104393,95804.2,91002.4
1733184475999,1733184478999,95784,95804.9,0.00104402,95795.4,90994.8
1733184476999,1733184478999,95784,95804.9,0.00104402,95794.6,90994.8
1733184477999,1733184478999,95784,95804.9,0.00104402,95793.6,90994.8
1733184456999,1733184482999,95784.9,95816,0.00104401,95807.8,90995.6
1733184466999,1733184482999,95792,95816,0.00104393,95809.7,91002.4
1733184467999,1733184482999,95792,95816,0.00104393,95809,91002.4
1733184468999,1733184482999,95792,95816,0.00104393,95808.4,91002.4
1733184469999,1733184482999,95792,95816,0.00104393,95807.7,91002.4
1733184470999,1733184482999,95792,95816,0.00104393,95807,91002.4
1733184471999,1733184482999,95792,95816,0.00104393,95806.3,91002.4
1733184472999,1733184482999,95792,95816,0.00104393,95805.6,91002.4
1733184473999,1733184482999,95792,95816,0.00104393,95804.9,91002.4
1733184478999,1733184482999,95804.9,95816,0.00104379,95813.5,91014.6
1733184479999,1733184482999,95804.9,95816,0.00104379,95812.6,91014.6
1733184480999,1733184482999,95804.9,95816,0.00104379,95811.6,91014.6
1733184481999,1733184482999,95804.9,95816,0.00104379,95810.7,91014.7
1733184482999,1733184483999,95816,95824,0.00104367,95821,91025.2
1733184455999,1733184485999,95804.4,95842.3,0.00104379,95827,91014.1
1733184483999,1733184485999,95824,95842.3,0.00104358,95828.3,91032.8
1733184484999,1733184485999,95824,95842.3,0.00104358,95827.6,91032.8
1733184487999,1733184520999,95806,95816,0.00104378,95807.2,91015.7
1733184486999,1733184526999,95825.2,95837.9,0.00104357,95827.5,91033.9
1733184485999,1733184529999,95842.3,95850.2,0.00104338,95845.5,91050.2
1733184527999,1733184529999,95837.9,95850.2,0.00104343,95838.5,91046
1733184528999,1733184529999,95837.9,95850.2,0.00104343,95839.1,91046
1733184451999,1733184536999,95835,95860,0.00104346,95853.9,91043.2
1733184452999,1733184536999,95835,95860,0.00104346,95855,91043.3
1733184453999,1733184536999,95835,95860,0.00104346,95856,91043.3
1733184454999,1733184536999,95835,95860,0.00104346,95857,91043.2
1733184529999,1733184536999,95850.2,95860,0.00104329,95852.1,91057.7
1733184530999,1733184536999,95850.2,95860,0.00104329,95852.9,91057.7
1733184531999,1733184536999,95850.2,95860,0.00104329,95853.6,91057.7
1733184532999,1733184536999,95850.2,95860,0.00104329,95854.1,91057.7
1733184533999,1733184536999,95850.2,95860,0.00104329,95854.3,91057.7
1733184534999,1733184536999,95850.2,95860,0.00104329,95854.6,91057.7
1733184535999,1733184536999,95852,95860,0.00104328,95856.4,91059.4
1733184439999,1733184549999,95871.2,95876,0.00104307,95875.3,91077.6
1733184442999,1733184549999,95857.2,95876,0.00104322,95865.4,91064.4
1733184443999,1733184549999,95852,95876,0.00104328,95861.3,91059.4
1733184444999,1733184549999,95852,95876,0.00104328,95862.5,91059.4
1733184445999,1733184549999,95852,95876,0.00104327,95863.7,91059.4
1733184446999,1733184549999,95852,95876,0.00104328,95865,91059.4
1733184447999,1733184549999,95852,95876,0.00104327,95866.2,91059.4
1733184448999,1733184549999,95851,95876,0.00104329,95866.4,91058.5
1733184449999,1733184549999,95851,95876,0.00104329,95867.7,91058.5
1733184450999,1733184549999,95848,95876,0.00104332,95865.9,91055.6
1733184536999,1733184549999,95860,95876,0.00104319,95864.8,91067
1733184537999,1733184549999,95860,95876,0.00104319,95865.6,91067
1733184538999,1733184549999,95860,95876,0.00104319,95866.6,91067
1733184539999,1733184549999,95860,95876,0.00104319,95867.6,91067
1733184540999,1733184549999,95860,95876,0.00104319,95868.6,91067
1733184541999,1733184549999,95860,95876,0.00104319,95869.6,91067
1733184542999,1733184549999,95860,95876,0.00104319,95870.6,91067
1733184543999,1733184549999,95860,95876,0.00104319,95871.6,91067
1733184544999,1733184549999,95860,95876,0.00104319,95872.6,91067
1733184545999,1733184549999,95860,95876,0.00104319,95873.6,91067
1733184546999,1733184549999,95860,95876,0.00104319,95874.6,91067
1733184547999,1733184549999,95860,95876,0.00104319,95875.8,91067
1733184440999,1733184552999,95871.2,95880,0.00104307,95876.8,91077.6
1733184441999,1733184552999,95871.2,95880,0.00104307,95878.2,91077.6
1733184548999,1733184552999,95860,95880,0.00104319,95877,91067
1733184287999,1733184568999,95840,95890.2,0.00104341,95885.9,91048
1733184288999,1733184568999,95840,95890.2,0.00104341,95887.5,91048
1733184289999,1733184568999,95840,95890.2,0.00104341,95889,91048
1733184309999,1733184568999,95816,95890.2,0.00104367,95885.5,91025.2
1733184320999,1733184568999,95816,95890.2,0.00104367,95885.1,91025.2
1733184321999,1733184568999,95816,95890.2,0.00104367,95884.4,91025.2
1733184322999,1733184568999,95816,95890.2,0.00104367,95883.7,91025.2
1733184323999,1733184568999,95816,95890.2,0.00104367,95883.1,91025.2
1733184438999,1733184568999,95882.6,95890.2,0.00104294,95885.3,91088.5
1733184290999,1733184570999,95840,95890.7,0.00104341,95890.6,91048
1733184291999,1733184591999,95840,95890.2,0.00104341,95892.2,91048
1733184292999,1733184592999,95843.2,95899.4,0.00104337,95897,91051
1733184293999,1733184592999,95843.2,95899.4,0.00104337,95898.6,91051
1733184549999,1733184592999,95876,95899.4,0.00104301,95894.4,91082.2
1733184550999,1733184592999,95876,95899.4,0.00104301,95895.7,91082.2
1733184551999,1733184592999,95876,95899.4,0.00104301,95897,91082.2
1733184294999,1733184594999,95843.2,95899.4,0.00104337,95900.1,91051
1733184295999,1733184595999,95843.2,95890.2,0.00104337,95901.2,91051
1733184296999,1733184596999,95843.2,95880.2,0.00104337,95902.3,91051
1733184297999,1733184597999,95843.2,95880.2,0.00104337,95903.4,91051
1733184298999,1733184598999,95843.2,95880.2,0.00104337,95904.5,91051
1733184299999,1733184599999,95843.2,95880.2,0.00104337,95905.5,91051
1733184300999,1733184600999,95843.2,95865.5,0.00104337,95906.4,91051
1733184301999,1733184601999,95843.2,95864,0.00104337,95907.3,91051
1733184302999,1733184602999,95842.8,95864,0.00104338,95907.8,91050.7
1733184303999,1733184603999,95840,95864,0.00104341,95905.8,91048
1733184304999,1733184604999,95840,95851.4,0.00104341,95906.6,91048
1733184305999,1733184605999,95840,95842.8,0.00104341,95907.4,91048
1733184306999,1733184606999,95837,95842.8,0.00104344,95905.1,91045.1
1733184307999,1733184607999,95836,95842.8,0.00104345,95904.8,91044.2
1733184308999,1733184608999,95836,95842.9,0.00104345,95905.4,91044.2
1733184310999,1733184610999,95843,95869.1,0.00104337,95912.9,91050.8
1733184311999,1733184611999,95852.6,95869.1,0.00104327,95922.7,91060
1733184312999,1733184612999,95852.6,95869.1,0.00104327,95922.9,91060
1733184313999,1733184613999,95852.6,95869.1,0.00104327,95923,91060
1733184314999,1733184614999,95852.6,95869.1,0.00104327,95923.1,91060
1733184315999,1733184615999,95852.6,95869.1,0.00104327,95923.2,91060
1733184316999,1733184616999,95852.6,95869.1,0.00104327,95923.2,91060
1733184317999,1733184617999,95847.5,95864.4,0.00104332,95918,91055.1
1733184318999,1733184618999,95843,95864.4,0.00104337,95913.2,91050.8
1733184319999,1733184619999,95830,95856.3,0.00104351,95899.8,91038.5
1733184604999,1733184636999,95851.4,95901.4,0.00104328,95897.6,91058.8
1733184605999,1733184636999,95842.8,95901.4,0.00104337,95887.9,91050.7
1733184606999,1733184636999,95842.8,95901.4,0.00104337,95886.8,91050.7
1733184607999,1733184636999,95842.8,95901.4,0.00104337,95885.7,91050.7
1733184608999,1733184636999,95842.9,95901.4,0.00104337,95884.6,91050.7
1733184619999,1733184636999,95856.3,95901.4,0.00104323,95892.5,91063.5
1733184620999,1733184636999,95856.3,95901.4,0.00104323,95891.7,91063.5
1733184621999,1733184636999,95856.3,95901.4,0.00104323,95890.9,91063.5
1733184622999,1733184636999,95856.3,95901.4,0.00104323,95890.1,91063.5
1733184623999,1733184636999,95856.3,95901.4,0.00104323,95889.3,91063.5
1733184624999,1733184636999,95856.3,95901.4,0.00104323,95888.5,91063.5
1733184625999,1733184636999,95856.3,95901.4,0.00104323,95887.8,91063.5
1733184629999,1733184636999,95871.6,95901.4,0.00104306,95901.1,91078
1733184630999,1733184636999,95871.6,95901.4,0.00104306,95900.7,91078
1733184631999,1733184636999,95871.6,95901.4,0.00104306,95900.2,91078
1733184632999,1733184636999,95871.6,95901.4,0.00104306,95899.8,91078
1733184633999,1733184636999,95871.6,95901.4,0.00104306,95899.4,91078
1733184634999,1733184636999,95871.6,95901.4,0.00104306,95899,91078
1733184552999,1733184655999,95880,95905.9,0.00104297,95902.4,91086
1733184553999,1733184655999,95880,95905.9,0.00104297,95903.4,91086
1733184554999,1733184655999,95880,95905.9,0.00104297,95904.5,91086
1733184555999,1733184655999,95880,95905.9,0.00104297,95905.7,91086
1733184617999,1733184655999,95864.4,95905.9,0.00104314,95902.1,91071.2
1733184618999,1733184655999,95864.4,95905.9,0.00104314,95901.4,91071.2
1733184626999,1733184655999,95871.6,95905.9,0.00104306,95902.5,91078
1733184627999,1733184655999,95871.6,95905.9,0.00104306,95902,91078
1733184628999,1733184655999,95871.6,95905.9,0.00104306,95901.5,91078
1733184635999,1733184655999,95876,95905.9,0.00104301,95903,91082.2
1733184556999,1733184684999,95880,95907,0.00104297,95906.9,91086
1733184557999,1733184726999,95880,95909.5,0.00104297,95908.1,91086
1733184558999,1733184726999,95880,95909.5,0.00104297,95909.3,91086
1733184611999,1733184726999,95869.1,95909.5,0.00104309,95909.2,91075.7
1733184612999,1733184726999,95869.1,95909.5,0.00104309,95908.8,91075.7
1733184613999,1733184726999,95869.1,95909.5,0.00104309,95908.3,91075.6
1733184614999,1733184726999,95869.1,95909.5,0.00104309,95907.8,91075.6
1733184615999,1733184726999,95869.1,95909.5,0.00104309,95907.5,91075.6
1733184616999,1733184726999,95869.1,95909.5,0.00104309,95907.1,91075.6
1733184559999,1733184737999,95880,95912,0.00104297,95910.5,91086
1733184560999,1733184737999,95880,95912,0.00104297,95911.6,91086
1733184602999,1733184737999,95864,95912,0.00104314,95911.9,91070.8
1733184603999,1733184737999,95864,95912,0.00104314,95911.2,91070.8
1733184609999,1733184737999,95869.1,95912,0.00104309,95910.3,91075.6
1733184610999,1733184737999,95869.1,95912,0.00104309,95909.8,91075.6
1733184561999,1733184747999,95880,95914.9,0.00104297,95912.9,91086
1733184562999,1733184747999,95880,95914.9,0.00104297,95914.3,91086
1733184565999,1733184747999,95876,95914.9,0.00104301,95913.7,91082.2
1733184566999,1733184747999,95876,95914.9,0.00104301,95914.9,91082.2
1733184601999,1733184747999,95864,95914.9,0.00104314,95912.7,91070.8
1733184647999,1733184747999,95888.1,95914.9,0.00104288,95914.6,91093.7
1733184648999,1733184747999,95888.1,95914.9,0.00104288,95914.6,91093.7
1733184649999,1733184747999,95888.1,95914.9,0.00104288,95914.6,91093.7
1733184650999,1733184747999,95888.1,95914.9,0.00104288,95914.8,91093.7
1733184563999,1733184754999,95880,95920,0.00104297,95915.4,91086
1733184564999,1733184754999,95880,95920,0.00104297,95916.6,91086
1733184567999,1733184754999,95876,95920,0.00104301,95915.9,91082.2
1733184600999,1733184754999,95865.5,95920,0.00104313,95915,91072.3
1733184636999,1733184760999,95901.4,95929.7,0.00104274,95928.5,91106.3
1733184637999,1733184760999,95901,95929.7,0.00104274,95928.2,91105.9
1733184638999,1733184760999,95901,95929.7,0.00104274,95928.3,91105.9
1733184639999,1733184760999,95901,95929.7,0.00104274,95928.3,91105.9
1733184640999,1733184760999,95901,95929.7,0.00104274,95928.4,91105.9
1733184641999,1733184760999,95901,95929.7,0.00104274,95928.5,91105.9
1733184642999,1733184760999,95894.4,95929.7,0.00104281,95921.6,91099.6
1733184643999,1733184760999,95894.4,95929.7,0.00104281,95921.3,91099.6
1733184644999,1733184760999,95894.4,95929.7,0.00104281,95921,91099.6
1733184645999,1733184760999,95893.8,95929.7,0.00104282,95920.3,91099.1
1733184646999,1733184760999,95893.8,95929.7,0.00104282,95920.3,91099.1
1733184651999,1733184760999,95895.8,95929.7,0.0010428,95922.8,91101
1733184652999,1733184760999,95900.1,95929.7,0.00104275,95927.6,91105.1
1733184653999,1733184760999,95900.1,95929.7,0.00104275,95928,91105.1
1733184654999,1733184760999,95900.1,95929.7,0.00104275,95928.6,91105.1
1733184660999,1733184760999,95894.4,95929.7,0.00104281,95925.2,91099.7
1733184661999,1733184760999,95890.7,95929.7,0.00104285,95921.2,91096.1
1733184662999,1733184760999,95890.7,95929.7,0.00104285,95921,91096.1
1733184663999,1733184760999,95890.7,95929.7,0.00104285,95920.8,91096.1
1733184664999,1733184760999,95890.7,95929.7,0.00104285,95920.6,91096.1
1733184665999,1733184760999,95894.4,95929.7,0.00104281,95924.3,91099.7
1733184666999,1733184760999,95894.4,95929.7,0.00104281,95924.3,91099.7
1733184667999,1733184760999,95894.4,95929.7,0.00104281,95924.3,91099.7
1733184668999,1733184760999,95894.4,95929.7,0.00104281,95924.4,91099.7
1733184669999,1733184760999,95894.4,95929.7,0.00104281,95924.7,91099.7
1733184670999,1733184760999,95894.4,95929.7,0.00104281,95924.9,91099.7
1733184671999,1733184760999,95897.2,95929.7,0.00104278,95928.1,91102.4
1733184672999,1733184760999,95897.2,95929.7,0.00104278,95928.4,91102.4
1733184673999,1733184760999,95897.2,95929.7,0.00104278,95928.7,91102.4
1733184674999,1733184760999,95897.2,95929.7,0.00104278,95929,91102.4
1733184675999,1733184760999,95897.2,95929.7,0.00104278,95929.2,91102.4
1733184705999,1733184760999,95903.5,95929.7,0.00104271,95929.7,91108.3
1733184706999,1733184760999,95903.5,95929.7,0.00104271,95929.1,91108.3
1733184707999,1733184760999,95900,95929.7,0.00104275,95925,91105
1733184708999,1733184760999,95900,95929.7,0.00104275,95924.5,91105
1733184709999,1733184760999,95900.3,95929.7,0.00104275,95924.3,91105.3
1733184710999,1733184760999,95900.3,95929.7,0.00104275,95923.9,91105.3
1733184712999,1733184760999,95906.4,95929.7,0.00104268,95929.5,91111
1733184713999,1733184760999,95906.4,95929.7,0.00104268,95929.3,91111
1733184714999,1733184760999,95906.4,95929.7,0.00104268,95929.1,91111
1733184715999,1733184760999,95906.4,95929.7,0.00104268,95928.8,91111
1733184716999,1733184760999,95906.4,95929.7,0.00104268,95928.5,91111
1733184717999,1733184760999,95906.4,95929.7,0.00104268,95928.3,91111
1733184718999,1733184760999,95903.5,95929.7,0.00104271,95925.1,91108.3
1733184719999,1733184760999,95903.5,95929.7,0.00104271,95924.8,91108.3
1733184720999,1733184760999,95903.5,95929.7,0.00104271,95924.5,91108.3
1733184721999,1733184760999,95903.5,95929.7,0.00104271,95924.3,91108.3
1733184722999,1733184760999,95903.5,95929.7,0.00104271,95924,91108.3
1733184723999,1733184760999,95903.5,95929.7,0.00104271,95923.7,91108.3
1733184724999,1733184760999,95903.5,95929.7,0.00104271,95923.4,91108.3
1733184725999,1733184760999,95903.5,95929.7,0.00104271,95923.1,91108.3
1733184726999,1733184760999,95909.5,95929.7,0.00104265,95928.9,91114
1733184727999,1733184760999,95909.5,95929.7,0.00104265,95928.7,91114
1733184728999,1733184760999,95909.5,95929.7,0.00104265,95928.5,91114
1733184729999,1733184760999,95909.5,95929.7,0.00104265,95928.4,91114
1733184730999,1733184760999,95909.5,95929.7,0.00104265,95928.2,91114
1733184731999,1733184760999,95909.5,95929.7,0.00104265,95928,91114
1733184732999,1733184760999,95909.5,95929.7,0.00104265,95927.7,91114
1733184733999,1733184760999,95909.5,95929.7,0.00104265,95927.5,91114
1733184734999,1733184760999,95909.5,95929.7,0.00104265,95927.3,91114
1733184735999,1733184760999,95909.5,95929.7,0.00104265,95927,91114
1733184736999,1733184760999,95909.5,95929.7,0.00104265,95926.8,91114
1733184737999,1733184760999,95912,95929.7,0.00104262,95929.2,91116.4
1733184738999,1733184760999,95912,95929.7,0.00104262,95929.1,91116.4
1733184739999,1733184760999,95912,95929.7,0.00104262,95928.9,91116.4
1733184740999,1733184760999,95912,95929.7,0.00104262,95928.8,91116.4
1733184741999,1733184760999,95912,95929.7,0.00104262,95928.7,91116.4
1733184742999,1733184760999,95912,95929.7,0.00104262,95928.5,91116.4
1733184743999,1733184760999,95912,95929.7,0.00104262,95928.4,91116.4
1733184744999,1733184760999,95912,95929.7,0.00104262,95928.3,91116.4
1733184745999,1733184760999,95912,95929.7,0.00104262,95928.1,91116.4
1733184746999,1733184760999,95912,95929.7,0.00104262,95928,91116.4
1733184711999,1733184769999,95906.4,95930.2,0.00104268,95929.7,91111
1733184599999,1733184783999,95880.2,95930.6,0.00104297,95930.3,91086.2
1733184704999,1733184783999,95903.5,95930.6,0.00104271,95930.2,91108.3
1733184568999,1733184786999,95890.2,95951.4,0.00104286,95931.4,91095.7
1733184569999,1733184786999,95890.2,95951.4,0.00104286,95932.6,91095.7
1733184570999,1733184786999,95890.7,95951.4,0.00104285,95934.1,91096.2
1733184571999,1733184786999,95890.7,95951.4,0.00104285,95935,91096.2
1733184572999,1733184786999,95890.7,95951.4,0.00104285,95935.8,91096.2
1733184573999,1733184786999,95890.2,95951.4,0.00104286,95936.2,91095.7
1733184574999,1733184786999,95890.2,95951.4,0.00104286,95937,91095.7
1733184575999,1733184786999,95890.2,95951.4,0.00104286,95937.8,91095.7
1733184576999,1733184786999,95890.2,95951.4,0.00104286,95938.3,91095.7
1733184577999,1733184786999,95890.2,95951.4,0.00104286,95938.8,91095.7
1733184578999,1733184786999,95890.2,95951.4,0.00104286,95939.3,91095.7
1733184579999,1733184786999,95890.2,95951.4,0.00104286,95939.5,91095.7
1733184580999,1733184786999,95890.2,95951.4,0.00104286,95939.7,91095.7
1733184581999,1733184786999,95890.2,95951.4,0.00104286,95940,91095.7
1733184582999,1733184786999,95890.2,95951.4,0.00104286,95940.2,91095.7
1733184583999,1733184786999,95890.2,95951.4,0.00104286,95940.4,91095.7
1733184584999,1733184786999,95890.2,95951.4,0.00104286,95940.7,91095.7
1733184585999,1733184786999,95890.2,95951.4,0.00104286,95940.8,91095.7
1733184586999,1733184786999,95890.2,95951.4,0.00104286,95940.8,91095.7
1733184587999,1733184786999,95890.2,95951.4,0.00104286,95940.8,91095.7
1733184588999,1733184786999,95890.2,95951.4,0.00104286,95940.8,91095.7
1733184589999,1733184786999,95890.2,95951.4,0.00104286,95940.8,91095.7
1733184590999,1733184786999,95890.2,95951.4,0.00104286,95940.8,91095.7
1733184591999,1733184786999,95890.2,95951.4,0.00104286,95940.8,91095.7
1733184592999,1733184786999,95899.4,95951.4,0.00104276,95950.2,91104.4
1733184593999,1733184786999,95899.4,95951.4,0.00104276,95950.3,91104.4
1733184594999,1733184786999,95899.4,95951.4,0.00104276,95950.4,91104.4
1733184595999,1733184786999,95890.2,95951.4,0.00104286,95941.3,91095.7
1733184596999,1733184786999,95880.2,95951.4,0.00104297,95931.1,91086.2
1733184597999,1733184786999,95880.2,95951.4,0.00104297,95931,91086.2
1733184598999,1733184786999,95880.2,95951.4,0.00104297,95930.8,91086.2
1733184655999,1733184786999,95905.9,95951.4,0.00104269,95935.1,91110.6
1733184656999,1733184786999,95905.9,95951.4,0.00104269,95935.8,91110.6
1733184657999,1733184786999,95905.9,95951.4,0.00104269,95936.4,91110.6
1733184658999,1733184786999,95900.1,95951.4,0.00104275,95931.1,91105.1
1733184659999,1733184786999,95900.1,95951.4,0.00104275,95931.1,91105.1
1733184676999,1733184786999,95900.1,95951.4,0.00104275,95932.1,91105.1
1733184677999,1733184786999,95900.1,95951.4,0.00104275,95932.1,91105.1
1733184678999,1733184786999,95900.1,95951.4,0.00104275,95932.2,91105.1
1733184679999,1733184786999,95900.1,95951.4,0.00104275,95932.3,91105.1
1733184680999,1733184786999,95905.9,95951.4,0.00104269,95938.2,91110.6
1733184681999,1733184786999,95905.9,95951.4,0.00104269,95938.4,91110.6
1733184682999,1733184786999,95905.9,95951.4,0.00104269,95938.6,91110.6
1733184683999,1733184786999,95905.9,95951.4,0.00104269,95938.9,91110.6
1733184684999,1733184786999,95907,95951.4,0.00104268,95940.3,91111.6
1733184685999,1733184786999,95907,95951.4,0.00104268,95940.6,91111.7
1733184686999,1733184786999,95907,95951.4,0.00104268,95940.3,91111.6
1733184687999,1733184786999,95905.9,95951.4,0.00104269,95938.8,91110.6
1733184688999,1733184786999,95905.9,95951.4,0.00104269,95938.4,91110.6
1733184689999,1733184786999,95905.9,95951.4,0.00104269,95937.9,91110.6
1733184690999,1733184786999,95905.9,95951.4,0.00104269,95937.4,91110.6
1733184691999,1733184786999,95905.9,95951.4,0.00104269,95937,91110.6
1733184692999,1733184786999,95905.9,95951.4,0.00104269,95936.7,91110.6
1733184693999,1733184786999,95905.9,95951.4,0.00104269,95936.4,91110.6
1733184694999,1733184786999,95905.9,95951.4,0.00104269,95936,91110.6
1733184695999,1733184786999,95905.9,95951.4,0.00104269,95935.7,91110.6
1733184696999,1733184786999,95905.9,95951.4,0.00104269,95935.4,91110.6
1733184697999,1733184786999,95906.3,95951.4,0.00104268,95935.6,91111
1733184698999,1733184786999,95906.3,95951.4,0.00104268,95935.3,91111
1733184699999,1733184786999,95906.3,95951.4,0.00104268,95935.1,91111
1733184700999,1733184786999,95903.5,95951.4,0.00104271,95932,91108.3
1733184701999,1733184786999,95903.5,95951.4,0.00104271,95931.6,91108.3
1733184702999,1733184786999,95903.5,95951.4,0.00104271,95931.1,91108.3
1733184703999,1733184786999,95903.5,95951.4,0.00104271,95930.7,91108.3
1733184747999,1733184786999,95914.9,95951.4,0.00104259,95930.8,91119.1
1733184748999,1733184786999,95914.9,95951.4,0.00104259,95930.7,91119.1
1733184749999,1733184786999,95914.9,95951.4,0.00104259,95930.6,91119.1
1733184750999,1733184786999,95914.9,95951.4,0.00104259,95930.7,91119.1
1733184751999,1733184786999,95914.9,95951.4,0.00104259,95930.7,91119.1
1733184752999,1733184786999,95914.9,95951.4,0.00104259,95930.8,91119.1
1733184753999,1733184786999,95914.9,95951.4,0.00104259,95930.8,91119.1
1733184754999,1733184786999,95920,95951.4,0.00104254,95936.1,91124
1733184755999,1733184786999,95920,95951.4,0.00104254,95936.2,91124
1733184756999,1733184786999,95920,95951.4,0.00104254,95936.3,91124
1733184757999,1733184786999,95920,95951.4,0.00104254,95936.5,91124
1733184758999,1733184786999,95920,95951.4,0.00104254,95936.7,91124
1733184759999,1733184786999,95920,95951.4,0.00104254,95936.9,91124
1733184760999,1733184786999,95929.7,95951.4,0.00104243,95946.9,91133.2
1733184761999,1733184786999,95929.7,95951.4,0.00104243,95947.1,91133.2
1733184762999,1733184786999,95929.7,95951.4,0.00104243,95947.4,91133.2
1733184763999,1733184786999,95929.7,95951.4,0.00104243,95947.6,91133.2
1733184764999,1733184786999,95929.7,95951.4,0.00104243,95947.8,91133.2
1733184765999,1733184786999,95929.7,95951.4,0.00104243,95948,91133.2
1733184766999,1733184786999,95929.7,95951.4,0.00104243,95948.2,91133.2
1733184767999,1733184786999,95929.7,95951.4,0.00104243,95948.4,91133.2
1733184768999,1733184786999,95929.7,95951.4,0.00104243,95948.7,91133.2
1733184769999,1733184786999,95930.2,95951.4,0.00104242,95949.6,91133.7
1733184770999,1733184786999,95930.2,95951.4,0.00104242,95949.9,91133.7
1733184771999,1733184786999,95930.2,95951.4,0.00104242,95950.2,91133.7
1733184772999,1733184786999,95930.2,95951.4,0.00104242,95950.6,91133.7
1733184773999,1733184786999,95930.2,95951.4,0.00104242,95950.9,91133.7
1733184774999,1733184786999,95930.2,95951.4,0.00104242,95951.2,91133.7
1733184775999,1733184787999,95930.2,95956,0.00104242,95951.6,91133.7
1733184776999,1733184787999,95930.2,95956,0.00104242,95951.8,91133.7
1733184777999,1733184787999,95930.2,95956,0.00104242,95952,91133.7
1733184778999,1733184787999,95930.2,95956,0.00104242,95952.2,91133.7
1733184779999,1733184787999,95930.2,95956,0.00104242,95952.4,91133.7
1733184780999,1733184787999,95930.2,95956,0.00104242,95952.6,91133.7
1733184781999,1733184787999,95930.2,95956,0.00104242,95952.9,91133.7
1733184782999,1733184787999,95930.2,95956,0.00104242,95953.1,91133.7
1733184783999,1733184787999,95930.6,95956,0.00104242,95953.7,91134.1
1733184784999,1733184787999,95930.6,95956,0.00104242,95953.9,91134.1
1733184785999,1733184787999,95930.6,95956,0.00104242,95954.1,91134.1
1733184786999,1733184829999,95951.4,96027.1,0.00104219,95975.5,91153.9
1733184787999,1733184829999,95956,96027.1,0.00104214,95980.6,91158.2
1733184788999,1733184829999,95964,96027.1,0.00104206,95989.3,91165.8
1733184789999,1733184829999,95964,96027.1,0.00104206,95990,91165.8
1733184790999,1733184829999,95964,96027.1,0.00104206,95990.7,91165.8
1733184791999,1733184829999,95964,96027.1,0.00104206,95991.3,91165.8
1733184792999,1733184829999,95964,96027.1,0.00104206,95992,91165.8
1733184793999,1733184829999,95964,96027.1,0.00104206,95992.8,91165.8
1733184794999,1733184829999,95964,96027.1,0.00104206,95993.5,91165.8
1733184795999,1733184829999,95964,96027.1,0.00104206,95994.1,91165.8
1733184796999,1733184829999,95964,96027.1,0.00104206,95994.8,91165.8
1733184797999,1733184829999,95964,96027.1,0.00104206,95995.3,91165.8
1733184798999,1733184829999,95964,96027.1,0.00104206,95995.9,91165.8
1733184799999,1733184829999,95964,96027.1,0.00104206,95996.4,91165.8
1733184800999,1733184829999,95956,96027.1,0.00104214,95988.9,91158.2
1733184801999,1733184829999,95962.6,96027.1,0.00104207,95995.9,91164.5
1733184802999,1733184829999,95962.6,96027.1,0.00104207,95996.4,91164.5
1733184803999,1733184829999,95962.6,96027.1,0.00104207,95996.8,91164.5
1733184804999,1733184829999,95963.1,96027.1,0.00104207,95997.6,91165
1733184805999,1733184829999,95963.1,96027.1,0.00104207,95997.9,91165
1733184806999,1733184829999,95963.1,96027.1,0.00104207,95998.1,91164.9
1733184807999,1733184829999,95963.1,96027.1,0.00104207,95998.4,91164.9
1733184808999,1733184829999,95963.1,96027.1,0.00104207,95998.7,91164.9
1733184809999,1733184829999,95963.1,96027.1,0.00104207,95999.1,91165
1733184810999,1733184829999,95963.1,96027.1,0.00104207,95999.3,91165
1733184811999,1733184829999,95963.1,96027.1,0.00104207,95999.5,91164.9
1733184812999,1733184829999,95967.7,96027.1,0.00104202,96004.3,91169.3
1733184813999,1733184829999,95971.1,96027.1,0.00104198,96008,91172.5
1733184814999,1733184829999,95971.1,96027.1,0.00104198,96008.3,91172.5
1733184815999,1733184829999,95971.1,96027.1,0.00104198,96008.7,91172.5
1733184816999,1733184829999,95971.1,96027.1,0.00104198,96009,91172.5
1733184817999,1733184829999,95971.1,96027.1,0.00104198,96009.3,91172.5
1733184818999,1733184829999,95974.8,96027.1,0.00104194,96013.3,91176
1733184819999,1733184829999,95974.8,96027.1,0.00104194,96013.6,91176
1733184820999,1733184829999,95974.8,96027.1,0.00104194,96013.9,91176
1733184821999,1733184829999,95974.8,96027.1,0.00104194,96014.2,91176
1733184822999,1733184829999,95974.8,96027.1,0.00104194,96014.5,91176
1733184823999,1733184829999,95974.8,96027.1,0.00104194,96014.8,91176
1733184824999,1733184829999,95974.8,96027.1,0.00104194,96015.1,91176
1733184825999,1733184829999,95974.8,96027.1,0.00104194,96015.4,91176
1733184826999,1733184829999,95974.8,96027.1,0.00104194,96015.8,91176
1733184827999,1733184829999,95974.8,96027.1,0.00104194,96016.2,91176
1733184828999,1733184829999,95974.8,96027.1,0.00104194,96016.5,91176
1733184934999,1733184936999,95930.9,95930.9,0.00104242,95930.9,91134.4
1733184932999,1733184948999,95936.2,95939.1,0.00104236,95938.6,91139.4
1733184933999,1733184948999,95930.9,95939.1,0.00104242,95932.1,91134.4
1733184929999,1733184950999,95943,95948.7,0.00104229,95948.6,91145.9
1733184930999,1733184950999,95943,95948.7,0.00104229,95947.6,91145.9
1733184931999,1733184950999,95943,95948.7,0.00104229,95946.6,91145.9
1733184928999,1733184963999,95943,95950.1,0.00104229,95949.7,91145.9
1733184917999,1733184965999,95953.3,95972,0.00104217,95971.1,91155.6
1733184918999,1733184965999,95953.1,95972,0.00104218,95969.9,91155.4
1733184919999,1733184965999,95950.6,95972,0.0010422,95966.4,91153.1
1733184920999,1733184965999,95950.6,95972,0.0010422,95965.4,91153.1
1733184921999,1733184965999,95950.6,95972,0.0010422,95964.5,91153.1
1733184922999,1733184965999,95950.6,95972,0.0010422,95963.5,91153.1
1733184923999,1733184965999,95943,95972,0.00104229,95954.9,91145.9
1733184924999,1733184965999,95943,95972,0.00104229,95953.8,91145.9
1733184925999,1733184965999,95943,95972,0.00104229,95952.7,91145.9
1733184926999,1733184965999,95943,95972,0.00104229,95951.7,91145.9
1733184927999,1733184965999,95943,95972,0.00104229,95950.7,91145.9
1733184899999,1733185077999,95966.3,95998.9,0.00104203,95998.8,91168
1733184900999,1733185077999,95966.3,95998.9,0.00104203,95997.9,91168
1733184914999,1733185077999,95972.2,95998.9,0.00104197,95993,91173.6
1733184915999,1733185077999,95966.7,95998.9,0.00104203,95986.5,91168.4
1733184916999,1733185077999,95966.7,95998.9,0.00104203,95985.6,91168.4
1733184898999,1733185078999,95966.3,96000,0.00104203,95999.7,91168
1733184892999,1733185082999,95974.8,96015.9,0.00104194,96015.3,91176
1733184893999,1733185082999,95968.4,96015.9,0.00104201,96007.6,91170
1733184894999,1733185082999,95968.4,96015.9,0.00104201,96006.4,91170
1733184895999,1733185082999,95968.3,96015.9,0.00104201,96005.1,91169.9
1733184896999,1733185082999,95966.3,96015.9,0.00104203,96002,91168
1733184897999,1733185082999,95966.3,96015.9,0.00104203,96000.7,91168
1733184901999,1733185082999,95971.4,96015.9,0.00104198,96002.3,91172.9
1733184902999,1733185082999,95975.8,96015.9,0.00104193,96006,91177
1733184903999,1733185082999,95985,96015.9,0.00104183,96014.6,91185.8
1733184904999,1733185082999,95982,96015.9,0.00104186,96011,91182.9
1733184905999,1733185082999,95978.1,96015.9,0.0010419,96006.4,91179.2
1733184906999,1733185082999,95978.1,96015.9,0.0010419,96005.7,91179.2
1733184907999,1733185082999,95978.1,96015.9,0.0010419,96005,91179.2
1733184908999,1733185082999,95978.1,96015.9,0.0010419,96004,91179.2
1733184909999,1733185082999,95982,96015.9,0.00104186,96007.1,91182.9
1733184910999,1733185082999,95982,96015.9,0.00104186,96006.2,91182.9
1733184911999,1733185082999,95982,96015.9,0.00104186,96005.4,91182.9
1733184912999,1733185082999,95982,96015.9,0.00104186,96004.5,91182.9
1733184913999,1733185082999,95982,96015.9,0.00104186,96003.7,91182.9
1733184890999,1733185083999,95985.9,96029.6,0.00104182,96028.7,91186.6
1733184891999,1733185083999,95975.8,96029.6,0.00104193,96017.5,91177
1733184880999,1733185084999,95985.9,96040.2,0.00104182,96040,91186.6
1733184881999,1733185084999,95985.9,96040.2,0.00104182,96039,91186.6
1733184882999,1733185084999,95985.9,96040.2,0.00104182,96037.9,91186.6
1733184883999,1733185084999,95985.9,96040.2,0.00104182,96036.7,91186.6
1733184884999,1733185084999,95985.9,96040.2,0.00104182,96035.5,91186.6
1733184885999,1733185084999,95985.9,96040.2,0.00104182,96034.3,91186.6
1733184886999,1733185084999,95985.9,96040.2,0.00104182,96033,91186.6
1733184887999,1733185084999,95985.9,96040.2,0.00104182,96031.8,91186.6
1733184888999,1733185084999,95985.9,96040.2,0.00104182,96030.7,91186.6
1733184889999,1733185084999,95985.9,96040.2,0.00104182,96029.7,91186.6
1733184851999,1733185085999,95992,96049.9,0.00104175,96048,91192.4
1733184852999,1733185085999,95992,96049.9,0.00104175,96048.1,91192.4
1733184853999,1733185085999,95992,96049.9,0.00104175,96048.2,91192.4
1733184854999,1733185085999,95992,96049.9,0.00104175,96048.3,91192.4
1733184870999,1733185085999,95988,96049.9,0.0010418,96045.9,91188.6
1733184871999,1733185085999,95986.5,96049.9,0.00104181,96044.2,91187.2
1733184872999,1733185085999,95986.5,96049.9,0.00104181,96044,91187.2
1733184873999,1733185085999,95986.5,96049.9,0.00104181,96043.8,91187.2
1733184874999,1733185085999,95985.9,96049.9,0.00104182,96043,91186.6
1733184875999,1733185085999,95985.9,96049.9,0.00104182,96042.8,91186.6
1733184876999,1733185085999,95985.9,96049.9,0.00104182,96042.6,91186.6
1733184877999,1733185085999,95985.9,96049.9,0.00104182,96042.4,91186.6
1733184878999,1733185085999,95985.9,96049.9,0.00104182,96042.1,91186.6
1733184879999,1733185085999,95985.9,96049.9,0.00104182,96040.9,91186.6
1733185089999,1733185092999,96021.8,96034.9,0.00104143,96031.7,91220.7
1733185090999,1733185092999,96021.8,96034.9,0.00104143,96034.4,91220.7
1733184829999,1733185129999,96027.1,95972,0.00104137,96070.1,91225.8
1733184830999,1733185130999,96012,95972,0.00104154,96055.9,91211.4
1733184831999,1733185131999,96012,95972,0.00104154,96056.8,91211.4
1733184832999,1733185132999,96024.2,95972,0.0010414,96070.2,91223
1733184833999,1733185133999,96024.1,95972,0.00104141,96071.2,91222.9
1733184834999,1733185134999,96027.3,95972,0.00104137,96075.5,91225.9
1733184835999,1733185135999,96027.3,95972,0.00104137,96076.7,91225.9
1733184836999,1733185136999,96027.3,95969.4,0.00104137,96077.6,91225.9
1733184837999,1733185137999,96027.3,95969.4,0.00104137,96078.4,91225.9
1733184838999,1733185138999,96020.1,95969.4,0.00104145,96071.6,91219
1733184839999,1733185139999,96020.1,95969.4,0.00104145,96072.2,91219
1733184840999,1733185140999,96014.4,95969.4,0.00104151,96066.9,91213.6
1733184841999,1733185141999,96014.4,95969.4,0.00104151,96067.4,91213.7
1733184842999,1733185142999,96014.4,95964.2,0.00104151,96067.8,91213.7
1733184843999,1733185143999,96014.4,95954.7,0.00104151,96068.2,91213.7
1733184844999,1733185144999,96014.4,95954.2,0.00104151,96068.6,91213.6
1733184845999,1733185145999,96012,95954.2,0.00104154,96066.6,91211.4
1733184846999,1733185146999,96012,95954.2,0.00104154,96067,91211.4
1733184847999,1733185147999,96012,95954.2,0.00104154,96067.3,91211.4
1733184848999,1733185148999,96002.4,95954.2,0.00104164,96057.9,91202.3
1733184849999,1733185149999,95996.1,95954.2,0.00104171,96051.7,91196.3
1733184850999,1733185150999,95996.2,95944,0.00104171,96052,91196.4
1733184855999,1733185155999,95994.3,95969.4,0.00104173,96050.9,91194.6
1733185150999,1733185155999,95944,95969.4,0.00104227,95967.9,91146.8
1733185151999,1733185155999,95944,95969.4,0.00104227,95966.3,91146.8
1733185152999,1733185155999,95944,95969.4,0.00104227,95964.8,91146.8
1733185153999,1733185155999,95948,95969.4,0.00104223,95967.6,91150.6
1733184856999,1733185156999,95994.3,95972,0.00104173,96051,91194.6
1733184857999,1733185157999,95994.3,95972,0.00104173,96051.2,91194.6
1733184858999,1733185158999,96005.6,95972,0.00104161,96062.8,91205.3
1733184859999,1733185159999,96005.6,95972,0.00104161,96063.1,91205.3
1733184860999,1733185160999,96005.6,95987.5,0.00104161,96063.4,91205.3
1733185144999,1733185160999,95954.2,95987.5,0.00104216,95987.3,91156.5
1733185145999,1733185160999,95954.2,95987.5,0.00104216,95985.6,91156.5
1733185146999,1733185160999,95954.2,95987.5,0.00104216,95983.9,91156.5
1733185147999,1733185160999,95954.2,95987.5,0.00104216,95982.5,91156.5
1733185148999,1733185160999,95954.2,95987.5,0.00104216,95981.1,91156.5
1733185149999,1733185160999,95954.2,95987.5,0.00104216,95979.7,91156.5
1733185154999,1733185160999,95959.6,95987.5,0.00104211,95978.1,91161.6
1733185155999,1733185160999,95969.4,95987.5,0.001042,95987.1,91171
1733185158999,1733185160999,95972,95987.5,0.00104197,95987.3,91173.4
1733185159999,1733185160999,95972,95987.5,0.00104197,95986.6,91173.4
1733184861999,1733185161999,96005.6,95987.5,0.00104161,96063.7,91205.3
1733184862999,1733185162999,96005.6,95994.6,0.00104161,96063.9,91205.3
1733185143999,1733185162999,95954.7,95994.6,0.00104216,95989.7,91157
1733185156999,1733185162999,95972,95994.6,0.00104197,95988.9,91173.4
1733185157999,1733185162999,95972,95994.6,0.00104197,95988.1,91173.4
1733184863999,1733185163999,96005.6,95994.6,0.00104161,96064,91205.3
1733184864999,1733185164999,95999.2,95994.6,0.00104168,96057.6,91199.2
1733184865999,1733185165999,95999.2,95997.8,0.00104168,96057.7,91199.3
1733184866999,1733185166999,95999.2,95997.8,0.00104168,96057.7,91199.3
1733184867999,1733185167999,95992,96012,0.00104175,96050.4,91192.4
1733185138999,1733185167999,95969.4,96012,0.001042,96011.4,91171
1733185139999,1733185167999,95969.4,96012,0.001042,96010.2,91171
1733185140999,1733185167999,95969.4,96012,0.001042,96008.9,91171
1733185141999,1733185167999,95969.4,96012,0.001042,96007.7,91171
1733185142999,1733185167999,95964.2,96012,0.00104206,96000.9,91166
1733185160999,1733185167999,95987.5,96012,0.0010418,96001.7,91188.1
1733185161999,1733185167999,95987.5,96012,0.0010418,96001.2,91188.1
1733185162999,1733185167999,95994.6,96012,0.00104173,96008,91194.9
1733185163999,1733185167999,95994.6,96012,0.00104173,96007.8,91194.9
1733185164999,1733185167999,95994.6,96012,0.00104173,96007.7,91194.9
1733185165999,1733185167999,95997.8,96012,0.00104169,96011.1,91197.9
1733185166999,1733185167999,95997.8,96012,0.00104169,96011.4,91197.9
1733184868999,1733185168999,95992,96012,0.00104175,96050.3,91192.4
1733184869999,1733185169999,95992,96025.5,0.00104175,96050.1,91192.4
1733185131999,1733185169999,95972,96025.5,0.00104197,96025.1,91173.4
1733185132999,1733185169999,95972,96025.5,0.00104197,96024.1,91173.4
1733185133999,1733185169999,95972,96025.5,0.00104197,96022.7,91173.4
1733185134999,1733185169999,95972,96025.5,0.00104197,96021.1,91173.4
1733185135999,1733185169999,95972,96025.5,0.00104197,96019.4,91173.4
1733185136999,1733185169999,95969.4,96025.5,0.001042,96015,91171
1733185137999,1733185169999,95969.4,96025.5,0.001042,96013.2,91171
1733185120999,1733185174999,95972,96033.2,0.00104197,96030.1,91173.4
1733185121999,1733185174999,95972,96033.2,0.00104197,96030,91173.4
1733185122999,1733185174999,95972,96033.2,0.00104197,96029.9,91173.4
1733185123999,1733185174999,95972,96033.2,0.00104197,96029.6,91173.4
1733185124999,1733185174999,95972,96033.2,0.00104197,96029.3,91173.4
1733185125999,1733185174999,95972,96033.2,0.00104197,96029,91173.4
1733185126999,1733185174999,95972,96033.2,0.00104197,96028.6,91173.4
1733185127999,1733185174999,95972,96033.2,0.00104197,96028,91173.4
1733185128999,1733185174999,95972,96033.2,0.00104197,96027.3,91173.4
1733185129999,1733185174999,95972,96033.2,0.00104197,96026.6,91173.4
1733185130999,1733185174999,95972,96033.2,0.00104197,96025.8,91173.4
1733185167999,1733185174999,96012,96033.2,0.00104154,96026.1,91211.4
1733185168999,1733185174999,96012,96033.2,0.00104154,96026.6,91211.4
1733185116999,1733185222999,95976.1,96035.2,0.00104193,96034.3,91177.3
1733185117999,1733185222999,95976.1,96035.2,0.00104193,96034.4,91177.3
1733185118999,1733185222999,95976.1,96035.2,0.00104193,96034.4,91177.3
1733185119999,1733185222999,95976.1,96035.2,0.00104193,96034.4,91177.3
1733185091999,1733185223999,96021.8,96039.7,0.00104143,96037.1,91220.7
1733185115999,1733185223999,95979.9,96039.7,0.00104188,96038,91180.9
1733185209999,1733185223999,95996,96039.7,0.00104171,96039.5,91196.2
1733185210999,1733185223999,95996,96039.7,0.00104171,96039.4,91196.2
1733185211999,1733185223999,95996,96039.7,0.00104171,96039.2,91196.2
1733185212999,1733185223999,95996,96039.7,0.00104171,96038.9,91196.2
1733185213999,1733185223999,95996,96039.7,0.00104171,96038.6,91196.2
1733185214999,1733185223999,95996,96039.7,0.00104171,96038.3,91196.2
1733185114999,1733185233999,95986.9,96047.6,0.00104181,96044.9,91187.6
1733185169999,1733185233999,96025.5,96047.6,0.00104139,96040.9,91224.2
1733185170999,1733185233999,96025.5,96047.6,0.00104139,96041.7,91224.2
1733185171999,1733185233999,96025.5,96047.6,0.00104139,96042.4,91224.2
1733185172999,1733185233999,96025.5,96047.6,0.00104139,96043.2,91224.2
1733185173999,1733185233999,96025.5,96047.6,0.00104139,96043.9,91224.2
1733185190999,1733185233999,96009.2,96047.6,0.00104157,96039.8,91208.7
1733185191999,1733185233999,96009.2,96047.6,0.00104157,96040.2,91208.7
1733185192999,1733185233999,96009.2,96047.6,0.00104157,96040.8,91208.7
1733185205999,1733185233999,96000.9,96047.6,0.00104166,96043.5,91200.9
1733185206999,1733185233999,96000.9,96047.6,0.00104166,96043.8,91200.9
1733185207999,1733185233999,96000,96047.6,0.00104167,96043.1,91200
1733185208999,1733185233999,96000,96047.6,0.00104167,96043.3,91200
1733185307999,1733185315999,95988.2,95989.9,0.00104179,95989.4,91188.8
1733185308999,1733185315999,95988.2,95989.9,0.00104179,95988.7,91188.8
1733185086999,1733185386999,96049.9,95809.4,0.00104112,96050.3,91247.5
1733185087999,1733185387999,96049.9,95809.4,0.00104113,96053.6,91247.4
1733185088999,1733185388999,96049.9,95818.6,0.00104113,96056.9,91247.4
1733185092999,1733185392999,96034.9,95832.9,0.00104129,96053.1,91233.2
1733185093999,1733185393999,96036.1,95832.9,0.00104128,96057.2,91234.3
1733185094999,1733185394999,96036.1,95811.1,0.00104128,96060,91234.3
1733185095999,1733185395999,96034.9,95805.8,0.00104129,96061.7,91233.2
1733185096999,1733185396999,96034.9,95805.8,0.00104129,96064.6,91233.2
1733185097999,1733185397999,96020,95805.8,0.00104145,96052,91219
1733185098999,1733185398999,96020,95805.8,0.00104145,96054.4,91219
1733185099999,1733185399999,96020,95805.8,0.00104145,96056.6,91219
1733185100999,1733185400999,96024.4,95809.4,0.0010414,96063.3,91223.2
1733185101999,1733185401999,96024.4,95815.4,0.0010414,96065.4,91223.2
1733185102999,1733185402999,96020,95815.4,0.00104145,96063.2,91219
1733185103999,1733185403999,96011.2,95815.4,0.00104154,96056.4,91210.7
1733185104999,1733185404999,96011.2,95815.4,0.00104154,96058.6,91210.7
1733185105999,1733185405999,96005.6,95815.4,0.00104161,96054.3,91205.3
1733185106999,1733185406999,96005.6,95815.4,0.00104161,96055.6,91205.3
1733185107999,1733185407999,96005.6,95815.4,0.00104161,96057,91205.3
1733185108999,1733185408999,96005.6,95820,0.00104161,96058.4,91205.3
1733185109999,1733185409999,96000.6,95820,0.00104166,96054.8,91200.6
1733185110999,1733185410999,96000.6,95820,0.00104166,96055.6,91200.6
1733185111999,1733185411999,96000.6,95840,0.00104166,96056.4,91200.6
1733185112999,1733185412999,96000.6,95852,0.00104166,96057.3,91200.6
1733185113999,1733185413999,95993,95852,0.00104174,96050.4,91193.4
1733185174999,1733185474999,96033.2,95948,0.00104131,96052.6,91231.6
1733185175999,1733185475999,96033.2,95948,0.00104131,96053.5,91231.6
1733185176999,1733185476999,96033.2,95948,0.00104131,96054.5,91231.6
1733185177999,1733185477999,96033.2,95948,0.00104131,96055.3,91231.6
1733185178999,1733185478999,96025.5,95948,0.00104139,96048.3,91224.2
1733185179999,1733185479999,96025.5,95948,0.00104139,96049,91224.2
1733185180999,1733185480999,96025.5,95948,0.00104139,96049.6,91224.2
1733185181999,1733185481999,96025.5,95948,0.00104139,96050.3,91224.2
1733185182999,1733185482999,96025.5,95948,0.00104139,96050.9,91224.2
1733185183999,1733185483999,96025.5,95948,0.00104139,96051.6,91224.2
1733185184999,1733185484999,96025.5,95948,0.00104139,96052.3,91224.2
1733185185999,1733185485999,96025.5,95943.5,0.00104139,96052.9,91224.2
1733185186999,1733185486999,96025.5,95936.1,0.00104139,96053.6,91224.2
1733185187999,1733185487999,96025.5,95936.1,0.00104139,96054.3,91224.2
1733185188999,1733185488999,96025.5,95936.1,0.00104139,96055,91224.2
1733185189999,1733185489999,96025.5,95936.1,0.00104139,96055.7,91224.2
1733185193999,1733185493999,96019.9,95937.4,0.00104145,96052.3,91218.9
1733185194999,1733185494999,96019.9,95937.4,0.00104145,96053.1,91218.9
1733185195999,1733185495999,96019.9,95937.4,0.00104145,96054,91218.9
1733185196999,1733185496999,96019.9,95937.4,0.00104145,96054.9,91218.9
1733185197999,1733185497999,96019.9,95937.5,0.00104145,96055.7,91218.9
1733185198999,1733185498999,96019.9,95937.5,0.00104145,96056.7,91218.9
1733185199999,1733185499999,96019.9,95937.5,0.00104145,96057.6,91218.9
1733185200999,1733185500999,96019.9,95937.5,0.00104145,96058.7,91218.9
1733185201999,1733185501999,96019.9,95937.5,0.00104145,96059.9,91218.9
1733185202999,1733185502999,96009.2,95937.5,0.00104157,96050.2,91208.7
1733185203999,1733185503999,96009.2,95948,0.00104157,96051,91208.7
1733185204999,1733185504999,96009.2,95948,0.00104157,96051.6,91208.7
1733185470999,1733185505999,95948,95953.6,0.00104223,95948.5,91150.6
1733185471999,1733185505999,95948,95953.6,0.00104223,95950.2,91150.6
1733185472999,1733185505999,95948,95953.6,0.00104223,95951.9,91150.6
1733185473999,1733185506999,95948,95960,0.00104223,95953.9,91150.6
1733185474999,1733185506999,95948,95960,0.00104223,95955.9,91150.6
1733185475999,1733185506999,95948,95960,0.00104223,95957.9,91150.6
1733185476999,1733185506999,95948,95960,0.00104223,95959.9,91150.6
1733185215999,1733185515999,96007.2,95908,0.00104159,96049.3,91206.8
1733185216999,1733185516999,96015.9,95895.4,0.00104149,96058,91215.1
1733185217999,1733185517999,96015.9,95888.9,0.00104149,96057.6,91215.2
1733185218999,1733185518999,96015.9,95880,0.00104149,96057.2,91215.1
1733185219999,1733185519999,96015.9,95866.7,0.00104149,96056.6,91215.1
1733185220999,1733185520999,96019.8,95866.8,0.00104145,96059.9,91218.8
1733185221999,1733185521999,96028,95864.6,0.00104136,96067.6,91226.6
1733185222999,1733185522999,96035.2,95864.6,0.00104128,96074.4,91233.5
1733185223999,1733185523999,96039.7,95864.6,0.00104124,96078.4,91237.7
1733185224999,1733185524999,96039.7,95864.6,0.00104124,96077.9,91237.7
1733185225999,1733185525999,96039.6,95864.6,0.00104124,96077.2,91237.7
1733185226999,1733185526999,96039.7,95864.6,0.00104124,96076.6,91237.7
1733185227999,1733185527999,96039.6,95828.1,0.00104124,96076,91237.7
1733185228999,1733185528999,96039.6,95828.1,0.00104124,96075.6,91237.7
1733185229999,1733185529999,96039.7,95828.1,0.00104124,96075.1,91237.7
1733185230999,1733185530999,96039.6,95835.6,0.00104124,96074.6,91237.7
1733185231999,1733185531999,96039.7,95840.4,0.00104124,96074.1,91237.7
1733185232999,1733185532999,96039.6,95840.4,0.00104124,96073.6,91237.7
1733185233999,1733185533999,96047.6,95843.7,0.00104115,96081.1,91245.2
1733185234999,1733185534999,96047.6,95867.5,0.00104115,96080.7,91245.2
1733185527999,1733185534999,95828.1,95867.5,0.00104353,95864.7,91036.7
1733185528999,1733185534999,95828.1,95867.5,0.00104353,95863,91036.7
1733185529999,1733185534999,95828.1,95867.5,0.00104353,95861.4,91036.7
1733185530999,1733185534999,95835.6,95867.5,0.00104345,95867.2,91043.8
1733185235999,1733185535999,96040,95876,0.00104123,96072.5,91238
1733185531999,1733185535999,95840.4,95876,0.0010434,95870.4,91048.4
1733185532999,1733185535999,95840.4,95876,0.0010434,95868.8,91048.4
1733185533999,1733185535999,95843.7,95876,0.00104337,95870.5,91051.5
1733185236999,1733185536999,96033.6,95876,0.0010413,96065.4,91231.9
1733185237999,1733185537999,96029,95876,0.00104135,96060.1,91227.6
1733185238999,1733185538999,96029,95880,0.00104135,96059.4,91227.6
1733185239999,1733185539999,96029,95885.1,0.00104135,96058.7,91227.6
1733185240999,1733185540999,96029,95885.1,0.00104135,96058.3,91227.6
1733185241999,1733185541999,96030.2,95885.1,0.00104134,96059.1,91228.7
1733185242999,1733185542999,96030.2,95880,0.00104134,96058.7,91228.7
1733185243999,1733185543999,96030.2,95879,0.00104134,96058.1,91228.7
1733185244999,1733185544999,96030.2,95876,0.00104134,96057.6,91228.7
1733185245999,1733185545999,96039.6,95876,0.00104124,96066.6,91237.6
1733185246999,1733185546999,96042.4,95868,0.00104121,96069.1,91240.3
1733185247999,1733185547999,96043.6,95857.9,0.00104119,96069.9,91241.4
1733185248999,1733185548999,96043.6,95857.9,0.00104119,96069.6,91241.4
1733185249999,1733185549999,96043.6,95857.1,0.00104119,96069.4,91241.4
1733185250999,1733185550999,96043.6,95857.2,0.00104119,96069.1,91241.4
1733185251999,1733185551999,96043.6,95857.1,0.00104119,96068.9,91241.4
1733185252999,1733185552999,96043.6,95857.9,0.00104119,96068.9,91241.4
1733185253999,1733185553999,96039.6,95857.9,0.00104124,96064.8,91237.6
1733185254999,1733185554999,96039.6,95857.9,0.00104124,96064.6,91237.6
1733185255999,1733185555999,96030.2,95857.9,0.00104134,96055.3,91228.7
1733185256999,1733185556999,96030.2,95857.9,0.00104134,96055.4,91228.7
1733185257999,1733185557999,96030.2,95856.9,0.00104134,96055.5,91228.7
1733185258999,1733185558999,96030.2,95856.9,0.00104134,96055.6,91228.7
1733185259999,1733185559999,96020,95848,0.00104145,96045.5,91219
1733185260999,1733185560999,96020,95848,0.00104145,96045.6,91219
1733185261999,1733185561999,96016,95848,0.00104149,96041.7,91215.2
1733185262999,1733185562999,96012,95848,0.00104154,96037.7,91211.4
1733185263999,1733185563999,96011.4,95848,0.00104154,96037.1,91210.8
1733185264999,1733185564999,96011.4,95848,0.00104154,96037.2,91210.8
1733185265999,1733185565999,96011.4,95848,0.00104154,96037,91210.8
1733185266999,1733185566999,96011.4,95848,0.00104154,96036.7,91210.8
1733185267999,1733185567999,96011.4,95848,0.00104154,96036.4,91210.8
1733185268999,1733185568999,96026.3,95848,0.00104138,96051.2,91225
1733185269999,1733185569999,96026.3,95848,0.00104138,96051.1,91225
1733185270999,1733185570999,96026.3,95848,0.00104138,96051,91225
1733185271999,1733185571999,96026.3,95848,0.00104138,96050.7,91225
1733185272999,1733185572999,96026.3,95848,0.00104138,96050.3,91225
1733185273999,1733185573999,96017.9,95838.4,0.00104147,96041.3,91217
1733185274999,1733185574999,96009,95838.4,0.00104157,96031.6,91208.5
1733185275999,1733185575999,96009,95834.6,0.00104157,96030.8,91208.5
1733185276999,1733185576999,96009,95831.8,0.00104157,96030.1,91208.5
1733185277999,1733185577999,96009,95831.8,0.00104157,96029.4,91208.5
1733185278999,1733185578999,96009,95844,0.00104157,96028.7,91208.5
1733185279999,1733185579999,96009,95844,0.00104157,96028.1,91208.5
1733185280999,1733185580999,96009,95850,0.00104157,96027.4,91208.5
1733185281999,1733185581999,96009,95857.2,0.00104157,96026.8,91208.5
1733185282999,1733185582999,96009,95857.2,0.00104157,96026.2,91208.5
1733185283999,1733185583999,96009,95857.2,0.00104157,96025.5,91208.5
1733185284999,1733185584999,96009,95857.2,0.00104157,96024.9,91208.5
1733185285999,1733185585999,96009,95857.2,0.00104157,96024.5,91208.5
1733185286999,1733185586999,96009,95857.2,0.00104157,96024.2,91208.5
1733185287999,1733185587999,96009,95857.2,0.00104157,96024,91208.5
1733185288999,1733185588999,96009,95857.2,0.00104157,96023.8,91208.5
1733185289999,1733185589999,96009,95853.5,0.00104157,96023.5,91208.5
1733185290999,1733185590999,96000,95848.7,0.00104167,96014,91200
1733185291999,1733185591999,96000,95848.7,0.00104167,96013.5,91200
1733185292999,1733185592999,96000,95848.7,0.00104167,96013.1,91200
1733185293999,1733185593999,96000,95848.7,0.00104167,96012.7,91200
1733185294999,1733185594999,96000,95848.7,0.00104167,96012.3,91200
1733185295999,1733185595999,95990.1,95848.7,0.00104177,96001.6,91190.6
1733185296999,1733185596999,95990.1,95836.5,0.00104177,96000.8,91190.6
1733185297999,1733185597999,95990.1,95836.5,0.00104177,95999.9,91190.6
1733185298999,1733185598999,95990.1,95836.5,0.00104177,95999,91190.6
1733185299999,1733185599999,95990.1,95836.5,0.00104177,95998,91190.6
1733185300999,1733185600999,95990.1,95836.5,0.00104177,95997.1,91190.6
1733185301999,1733185601999,95990.1,95836.5,0.00104177,95996.3,91190.6
1733185302999,1733185602999,95990.1,95831.8,0.00104177,95995.3,91190.6
1733185303999,1733185603999,95990.1,95828,0.00104177,95994.5,91190.6
1733185304999,1733185604999,95990.1,95828,0.00104177,95993.6,91190.6
1733185305999,1733185605999,95990.1,95828,0.00104177,95992.8,91190.6
1733185306999,1733185606999,95990.1,95825.4,0.00104177,95992.1,91190.6
1733185477999,1733185777999,95948,95794.1,0.00104223,95961.8,91150.6
1733185478999,1733185778999,95948,95794.1,0.00104223,95963.8,91150.6
1733185479999,1733185779999,95948,95794.1,0.00104223,95965.7,91150.6
1733185480999,1733185780999,95948,95772,0.00104223,95967.5,91150.6
1733185481999,1733185781999,95948,95772,0.00104223,95969.1,91150.6
1733185482999,1733185782999,95948,95772,0.00104223,95970.7,91150.6
1733185483999,1733185783999,95948,95772,0.00104223,95972.3,91150.6
1733185484999,1733185784999,95948,95772,0.00104223,95973.9,91150.6
1733185485999,1733185785999,95943.5,95772,0.00104228,95970.8,91146.3
1733185486999,1733185786999,95936.1,95772,0.00104236,95964.7,91139.3
1733185487999,1733185787999,95936.1,95772,0.00104236,95966,91139.3
1733185488999,1733185788999,95936.1,95772,0.00104236,95967.2,91139.3
1733185489999,1733185789999,95936.1,95772,0.00104236,95968.5,91139.3
1733185490999,1733185790999,95936.1,95772,0.00104236,95969.8,91139.3
1733185491999,1733185791999,95936.1,95772,0.00104236,95971,91139.3
1733185492999,1733185792999,95936.1,95772,0.00104236,95972.1,91139.3
1733185493999,1733185793999,95937.4,95772,0.00104235,95974.5,91140.5
1733185494999,1733185794999,95937.4,95772,0.00104235,95975.6,91140.5
1733185495999,1733185795999,95937.4,95772,0.00104235,95976.7,91140.5
1733185496999,1733185796999,95937.4,95772,0.00104235,95977.8,91140.5
1733185497999,1733185797999,95937.5,95772,0.00104235,95978.9,91140.6
1733185498999,1733185798999,95937.5,95772,0.00104235,95979.9,91140.6
1733185499999,1733185799999,95937.5,95772,0.00104235,95980.9,91140.6
1733185500999,1733185800999,95937.5,95772,0.00104235,95981.8,91140.6
1733185501999,1733185801999,95937.5,95772,0.00104235,95982.8,91140.6
1733185502999,1733185802999,95937.5,95772,0.00104235,95983.7,91140.6
1733185503999,1733185803999,95948,95772,0.00104223,95995.2,91150.6
1733185504999,1733185804999,95948,95772,0.00104223,95995.8,91150.6
1733185505999,1733185805999,95953.6,95740.4,0.00104217,96001.8,91155.9
1733185506999,1733185806999,95960,95737.4,0.0010421,96008.7,91162
1733185507999,1733185807999,95959.9,95748.5,0.0010421,96009.1,91162
1733185508999,1733185808999,95959.9,95752.1,0.0010421,96009.6,91162
1733185509999,1733185809999,95956,95752.1,0.00104214,96006,91158.2
1733185510999,1733185810999,95926.4,95752.1,0.00104247,95976.4,91130.1
1733185511999,1733185811999,95914.9,95752.1,0.00104259,95964.6,91119.2
1733185512999,1733185812999,95908,95764,0.00104267,95957.4,91112.6
1733185513999,1733185813999,95908,95764,0.00104267,95957.1,91112.6
1733185514999,1733185814999,95908,95764,0.00104267,95956.8,91112.6
1733185515999,1733185815999,95908,95772,0.00104267,95956.5,91112.6
1733185516999,1733185816999,95895.4,95775.5,0.0010428,95943.3,91100.6
1733185794999,1733185816999,95772,95775.5,0.00104415,95775,90983.4
1733185795999,1733185816999,95772,95775.5,0.00104415,95774.4,90983.4
1733185796999,1733185816999,95772,95775.5,0.00104415,95773.9,90983.4
1733185797999,1733185816999,95772,95775.5,0.00104415,95773.6,90983.4
1733185798999,1733185816999,95772,95775.5,0.00104415,95773.3,90983.4
1733185799999,1733185816999,95772,95775.5,0.00104415,95773,90983.4
1733185800999,1733185816999,95772,95775.5,0.00104415,95772.7,90983.4
1733185801999,1733185816999,95772,95775.5,0.00104415,95772.6,90983.4
1733185802999,1733185816999,95772,95775.5,0.00104415,95772.5,90983.4
1733185803999,1733185816999,95772,95775.5,0.00104415,95772.4,90983.4
1733185804999,1733185816999,95772,95775.5,0.00104415,95772.4,90983.4
1733185517999,1733185817999,95888.9,95776,0.00104287,95936.3,91094.5
1733185793999,1733185817999,95772,95776,0.00104415,95775.9,90983.4
1733185518999,1733185818999,95880,95776,0.00104297,95926.6,91086
1733185519999,1733185819999,95866.7,95794.1,0.00104311,95912.3,91073.4
1733185780999,1733185819999,95772,95794.1,0.00104415,95785.7,90983.4
1733185781999,1733185819999,95772,95794.1,0.00104415,95785.2,90983.4
1733185782999,1733185819999,95772,95794.1,0.00104415,95784.6,90983.4
1733185783999,1733185819999,95772,95794.1,0.00104415,95783.8,90983.4
1733185784999,1733185819999,95772,95794.1,0.00104415,95783,90983.4
1733185785999,1733185819999,95772,95794.1,0.00104415,95782.2,90983.4
1733185786999,1733185819999,95772,95794.1,0.00104415,95781.5,90983.4
1733185787999,1733185819999,95772,95794.1,0.00104415,95780.7,90983.4
1733185788999,1733185819999,95772,95794.1,0.00104415,95779.9,90983.4
1733185789999,1733185819999,95772,95794.1,0.00104415,95779.1,90983.4
1733185790999,1733185819999,95772,95794.1,0.00104415,95778.3,90983.4
1733185791999,1733185819999,95772,95794.1,0.00104415,95777.5,90983.4
1733185792999,1733185819999,95772,95794.1,0.00104415,95776.7,90983.4
1733185520999,1733185820999,95866.8,95795.1,0.00104311,95911.3,91073.4
1733185521999,1733185821999,95864.6,95795.1,0.00104314,95908.1,91071.4
1733185522999,1733185822999,95864.6,95794.1,0.00104314,95907,91071.4
1733185523999,1733185823999,95864.6,95794.1,0.00104314,95906,91071.3
1733185524999,1733185824999,95864.6,95794.1,0.00104314,95904.9,91071.4
1733185525999,1733185825999,95864.6,95794.1,0.00104314,95903.9,91071.4
1733185526999,1733185826999,95864.6,95794.1,0.00104314,95902.8,91071.4
1733185534999,1733185834999,95867.5,95794.1,0.00104311,95893.1,91074.1
1733185535999,1733185835999,95876,95799.1,0.00104301,95900.5,91082.2
1733185757999,1733185835999,95779.8,95799.1,0.00104406,95796.8,90990.8
1733185758999,1733185835999,95780.8,95799.1,0.00104405,95798,90991.8
1733185759999,1733185835999,95780.8,95799.1,0.00104405,95798.1,90991.8
1733185760999,1733185835999,95780.8,95799.1,0.00104405,95798.2,90991.8
1733185761999,1733185835999,95780.8,95799.1,0.00104405,95798.3,90991.8
1733185762999,1733185835999,95780.8,95799.1,0.00104405,95798.5,90991.8
1733185763999,1733185835999,95780.8,95799.1,0.00104405,95798.6,90991.8
1733185764999,1733185835999,95780.9,95799.1,0.00104405,95798.8,90991.9
1733185536999,1733185836999,95876,95799.1,0.00104301,95899.6,91082.2
1733185537999,1733185837999,95876,95807.6,0.00104301,95898.7,91082.2
1733185752999,1733185837999,95789.4,95807.6,0.00104396,95805,90999.9
1733185753999,1733185837999,95789.4,95807.6,0.00104396,95805.3,90999.9
1733185754999,1733185837999,95789.4,95807.6,0.00104396,95805.6,90999.9
1733185755999,1733185837999,95789.4,95807.6,0.00104396,95805.9,90999.9
1733185756999,1733185837999,95789.4,95807.6,0.00104396,95806.2,90999.9
1733185765999,1733185837999,95789.4,95807.6,0.00104396,95807.5,90999.9
1733185766999,1733185837999,95789.4,95807.6,0.00104396,95807.4,90999.9
1733185767999,1733185837999,95789.4,95807.6,0.00104396,95807.2,90999.9
1733185768999,1733185837999,95789.4,95807.6,0.00104396,95807,90999.9
1733185769999,1733185837999,95789.4,95807.6,0.00104396,95806.9,90999.9
1733185770999,1733185837999,95789.4,95807.6,0.00104396,95806.7,90999.9
1733185771999,1733185837999,95789.4,95807.6,0.00104396,95806.4,90999.9
1733185772999,1733185837999,95789.4,95807.6,0.00104396,95806,90999.9
1733185773999,1733185837999,95789.4,95807.6,0.00104396,95805.7,90999.9
1733185774999,1733185837999,95789.4,95807.6,0.00104396,95805.3,90999.9
1733185775999,1733185837999,95789.4,95807.6,0.00104396,95804.9,90999.9
1733185776999,1733185837999,95791.7,95807.6,0.00104393,95806.9,91002.2
1733185538999,1733185838999,95880,95809.4,0.00104297,95901.8,91086
1733185751999,1733185838999,95793.6,95809.4,0.00104391,95809,91004
1733185777999,1733185838999,95794.1,95809.4,0.00104391,95808.9,91004.4
1733185778999,1733185838999,95794.1,95809.4,0.00104391,95808.6,91004.4
1733185779999,1733185838999,95794.1,95809.4,0.00104391,95808.3,91004.4
1733185539999,1733185839999,95885.1,95812,0.00104291,95906.2,91090.9
1733185540999,1733185840999,95885.1,95816,0.00104291,95905.3,91090.9
1733185541999,1733185841999,95885.1,95812,0.00104291,95904.5,91090.9
1733185542999,1733185842999,95880,95811.5,0.00104297,95898.4,91086
1733185543999,1733185843999,95879,95809.4,0.00104298,95896.2,91085.1
1733185544999,1733185844999,95876,95807.6,0.00104301,95892,91082.2
1733185545999,1733185845999,95876,95807.6,0.00104301,95890.7,91082.2
1733185546999,1733185846999,95868,95807.5,0.0010431,95881.3,91074.6
1733185547999,1733185847999,95857.9,95807.5,0.00104321,95869.6,91065
1733185548999,1733185848999,95857.9,95795.1,0.00104321,95868.1,91065
1733185549999,1733185849999,95857.1,95795.1,0.00104322,95865.8,91064.3
1733185550999,1733185850999,95857.2,95795.1,0.00104322,95864.3,91064.3
1733185551999,1733185851999,95857.1,95795.1,0.00104322,95862.7,91064.3
1733185552999,1733185852999,95857.9,95805.5,0.00104321,95862,91065
1733185848999,1733185852999,95795.1,95805.5,0.0010439,95796.5,91005.3
1733185849999,1733185852999,95795.1,95805.5,0.0010439,95796.6,91005.3
1733185850999,1733185852999,95795.1,95805.5,0.00104389,95796.7,91005.3
1733185851999,1733185852999,95795.1,95805.5,0.00104389,95796.8,91005.3
1733185553999,1733185853999,95857.9,95805.5,0.00104321,95860.2,91065
1733185554999,1733185854999,95857.9,95805.5,0.00104321,95858.4,91065
1733185862999,1733185865999,95766.2,95770.8,0.00104421,95770.6,90977.9
1733185863999,1733185865999,95766.2,95770.8,0.00104421,95770.5,90977.9
1733185864999,1733185865999,95766.2,95770.8,0.00104421,95770.3,90977.9
1733185868999,1733185869999,95766.2,95770.8,0.00104421,95769.1,90977.9
1733185856999,1733185870999,95776,95784,0.0010441,95779.7,90987.2
1733185857999,1733185870999,95775.6,95784,0.00104411,95779.5,90986.8
1733185858999,1733185870999,95773.8,95784,0.00104413,95777.9,90985.1
1733185859999,1733185870999,95773.8,95784,0.00104413,95778.1,90985.1
1733185860999,1733185870999,95772,95784,0.00104415,95776.4,90983.4
1733185861999,1733185870999,95768,95784,0.00104419,95772.5,90979.6
1733185865999,1733185870999,95770.8,95784,0.00104416,95774.6,90982.2
1733185866999,1733185870999,95770.8,95784,0.00104416,95774.3,90982.2
1733185867999,1733185870999,95770.8,95784,0.00104416,95774,90982.2
1733185869999,1733185870999,95770.8,95784,0.00104416,95772.9,90982.2
1733185874999,1733185880999,95768,95770.8,0.00104419,95768.1,90979.6
1733185873999,1733185883999,95770.8,95777.2,0.00104416,95771.3,90982.3
1733185870999,1733185888999,95784,95786.2,0.00104402,95785.6,90994.8
1733185871999,1733185888999,95784,95786.2,0.00104402,95785.1,90994.8
1733185872999,1733185888999,95784,95786.2,0.00104402,95784.8,90994.8
1733185852999,1733185901999,95805.5,95807.5,0.00104378,95807.4,91015.2
1733185842999,1733185902999,95811.5,95816,0.00104372,95811.5,91020.9
1733185843999,1733185902999,95809.4,95816,0.00104374,95809.7,91018.9
1733185844999,1733185902999,95807.6,95816,0.00104376,95808.1,91017.2
1733185845999,1733185902999,95807.6,95816,0.00104376,95808.4,91017.2
1733185846999,1733185902999,95807.5,95816,0.00104376,95808.7,91017.2
1733185847999,1733185902999,95807.5,95816,0.00104376,95808.9,91017.2
1733185853999,1733185902999,95805.5,95816,0.00104378,95807.6,91015.2
1733185854999,1733185902999,95805.5,95816,0.00104378,95807.8,91015.2
1733185855999,1733185902999,95805.5,95816,0.00104378,95808.7,91015.2
1733185747999,1733185936999,95804,95818,0.0010438,95817.4,91013.8
1733185748999,1733185936999,95804,95818,0.0010438,95818,91013.8
1733185915999,1733185936999,95816,95818,0.00104367,95816.1,91025.2
1733185916999,1733185936999,95816,95818,0.00104367,95817,91025.2
1733185917999,1733185936999,95816,95818,0.00104367,95817.9,91025.2
1733185921999,1733185936999,95796.8,95818,0.00104388,95801.6,91007
1733185922999,1733185936999,95796.8,95818,0.00104388,95801.9,91007
1733185923999,1733185936999,95796.8,95818,0.00104388,95802.6,91006.9
1733185924999,1733185936999,95796.8,95818,0.00104388,95803.3,91007
1733185925999,1733185936999,95796.8,95818,0.00104388,95803.9,91006.9
1733185926999,1733185936999,95796.8,95818,0.00104388,95804.7,91006.9
1733185927999,1733185936999,95796.8,95818,0.00104388,95805.4,91006.9
1733185928999,1733185936999,95796.8,95818,0.00104388,95806.2,91006.9
1733185929999,1733185936999,95801.3,95818,0.00104383,95811.5,91011.2
1733185930999,1733185936999,95801.3,95818,0.00104383,95812.2,91011.2
1733185931999,1733185936999,95801.3,95818,0.00104383,95813,91011.2
1733185932999,1733185936999,95801.3,95818,0.00104383,95813.7,91011.2
1733185933999,1733185936999,95801.3,95818,0.00104383,95814.3,91011.2
1733185934999,1733185936999,95801.3,95818,0.00104383,95814.9,91011.2
1733185935999,1733185936999,95801.3,95818,0.00104383,95815.6,91011.2
1733185749999,1733185938999,95804,95820,0.0010438,95818.5,91013.8
1733185750999,1733185938999,95804,95820,0.0010438,95819,91013.8
1733185918999,1733185938999,95816,95820,0.00104367,95818.9,91025.2
1733185919999,1733185938999,95816,95820,0.00104367,95819.8,91025.2
1733185746999,1733185939999,95808.6,95825.4,0.00104375,95821.5,91018.2
1733185920999,1733185939999,95816,95825.4,0.00104367,95820.4,91025.2
1733185974999,1733185978999,95782,95789.2,0.00104404,95789.1,90992.9
1733185975999,1733185978999,95782,95789.2,0.00104404,95788.8,90992.9
1733185976999,1733185978999,95782,95789.2,0.00104404,95788.6,90992.9
1733185977999,1733185978999,95782,95789.2,0.00104404,95788.4,90992.9
1733185958999,1733185980999,95777.3,95793.7,0.00104409,95793.4,90988.4
1733185959999,1733185980999,95777.3,95793.7,0.00104409,95792.7,90988.4
1733185965999,1733185980999,95782,95793.7,0.00104404,95793.4,90992.9
1733185966999,1733185980999,95782,95793.7,0.00104404,95792.7,90992.9
1733185967999,1733185980999,95782,95793.7,0.00104404,95792.1,90992.9
1733185968999,1733185980999,95782,95793.7,0.00104404,95791.4,90992.9
1733185969999,1733185980999,95782,95793.7,0.00104404,95790.8,90992.9
1733185970999,1733185980999,95782,95793.7,0.00104404,95790.2,90992.9
1733185971999,1733185980999,95782,95793.7,0.00104404,95789.9,90992.9
1733185972999,1733185980999,95782,95793.7,0.00104404,95789.6,90992.9
1733185973999,1733185980999,95782,95793.7,0.00104404,95789.4,90992.9
1733185957999,1733185981999,95777.3,95800,0.00104409,95794.2,90988.4
1733185960999,1733185981999,95782,95800,0.00104404,95796.7,90992.9
1733185961999,1733185981999,95782,95800,0.00104404,95796.1,90992.9
1733185962999,1733185981999,95782,95800,0.00104404,95795.4,90992.9
1733185963999,1733185981999,95782,95800,0.00104404,95794.7,90992.9
1733185964999,1733185981999,95782,95800,0.00104404,95794,90992.9
1733185978999,1733185981999,95789.2,95800,0.00104396,95795.5,90999.8
1733185979999,1733185981999,95789.2,95800,0.00104396,95795.3,90999.8
1733185980999,1733185981999,95793.7,95800,0.00104391,95799.5,91004
1733185989999,1733185994999,95773.9,95776,0.00104413,95774.5,90985.2
1733185735999,1733186035999,95832,95726,0.00104349,95832,91040.4
1733185736999,1733186036999,95832,95717.8,0.00104349,95833.3,91040.4
1733185737999,1733186037999,95832,95728.5,0.00104349,95834.5,91040.4
1733185738999,1733186038999,95832,95728.5,0.00104349,95835.8,91040.4
1733185739999,1733186039999,95832,95728.5,0.00104349,95837.1,91040.4
1733185740999,1733186040999,95832,95728.5,0.00104349,95838.5,91040.4
1733185741999,1733186041999,95832,95728.5,0.00104349,95839.8,91040.4
1733185742999,1733186042999,95832,95712,0.00104349,95841,91040.4
1733185743999,1733186043999,95832,95702,0.00104349,95842.3,91040.4
1733185744999,1733186044999,95832,95692,0.00104349,95843.4,91040.4
1733185745999,1733186045999,95825.4,95688,0.00104356,95837.7,91034.1
1733185987999,1733186110999,95776,95780,0.0010441,95778.6,90987.2
1733185988999,1733186110999,95776,95780,0.0010441,95777.7,90987.2
1733185984999,1733186112999,95781.2,95788.9,0.00104405,95786,90992.2
1733185985999,1733186112999,95781.2,95788.9,0.00104405,95785.5,90992.2
1733185986999,1733186112999,95781.2,95788.9,0.00104405,95784.7,90992.2
1733186134999,1733186140999,95764.6,95769.5,0.00104423,95767,90976.3
1733186135999,1733186140999,95764.6,95769.5,0.00104423,95767.8,90976.3
1733186136999,1733186140999,95764.6,95769.5,0.00104423,95768.7,90976.3
1733186137999,1733186141999,95764.6,95773.8,0.00104423,95769.6,90976.3
1733186138999,1733186141999,95764.6,95773.8,0.00104423,95770.5,90976.3
1733186139999,1733186141999,95764.6,95773.8,0.00104423,95771.3,90976.3
1733186132999,1733186145999,95774.8,95780.1,0.00104412,95775.4,90986.1
1733186133999,1733186145999,95774.8,95780.1,0.00104412,95776.4